{"meta":{"code":200,"errors":[],"source":"es"},"data":{"items":[{"id":4189568,"available":true,"unlisted":false,"aisle_id":513,"sale_percent":null,"department_id":82,"brand_name":null,"name":"Fresh Fruits Organic Banana","display_name":"Organic Banana","price":0.39,"full_price":null,"sale_price":null,"price_per_unit":0.99,"loyalty_price":null,"loyalty_price_active":false,"size":"~ 0.39 lbs","display_size":"~ 0.39 lbs","product_type":"variable","unit":"each","par_weight":0.39,"related_item_ids":[],"visible":true,"warehouse_id":3,"primary_image_url":"https://d2lnr5mha7bycj.cloudfront.net/itemimage/image/primary_3f600157-5389-44df-a5ea-e0f8d07def41.png","large_image_url":"https://d2lnr5mha7bycj.cloudfront.net/itemimage/image/large_3f600157-5389-44df-a5ea-e0f8d07def41.png","frequently_not_found":null,"frequently_found":null,"often_out_of_stock":null,"special_instructions":"Organic","featured":false,"user_description":null,"unit_count":null,"bulky":false,"taxable":false,"is_alcoholic?":false,"impulse_buy":null,"wine_rating":null,"product_id":31004,"aisle_ids":[513,18073],"department_ids":[82,2230],"aisle_sort_order":0,"aisle_sort_orders":{"513":0,"18073":0},"dept_sort_order":0,"dept_sort_orders":{"82":0,"2230":0},"details":"","directions":null,"warnings":null,"ingredients":null,"organic":true,"kosher":false,"gluten_free":false,"low_fat":false,"fat_free":false,"sugar_free":false,"vegan":false,"vegetarian":false,"serving_size":null,"servings_per_container":null,"calories":null,"fat_calories":null,"fat":null,"saturated_fat":null,"trans_fat":null,"polyunsaturated_fat":null,"monounsaturated_fat":null,"cholesterol":null,"sodium":null,"potassium":null,"carbohydrate":null,"fiber":null,"sugars":null,"protein":null,"alcohol_by_volume":null},{"id":3857812,"available":true,"unlisted":false,"aisle_id":513,"sale_percent":null,"department_id":82,"brand_name":null,"name":"Fresh Fruits Organic Pink Lady Apple","display_name":"Organic Pink Lady Apple","price":2.0,"full_price":null,"sale_price":null,"price_per_unit":4.99,"loyalty_price":null,"loyalty_price_active":false,"size":"~ 0.4 lbs","display_size":"~ 0.4 lbs","product_type":"variable","unit":"each","par_weight":0.4,"related_item_ids":[],"visible":true,"warehouse_id":3,"primary_image_url":"https://d2lnr5mha7bycj.cloudfront.net/itemimage/image/primary_2c635a80-8987-4e3f-981a-c43b0974e4c4.jpg","large_image_url":"https://d2lnr5mha7bycj.cloudfront.net/itemimage/image/large_2c635a80-8987-4e3f-981a-c43b0974e4c4.jpg","frequently_not_found":null,"frequently_found":null,"often_out_of_stock":null,"special_instructions":null,"featured":false,"user_description":null,"unit_count":null,"bulky":false,"taxable":false,"is_alcoholic?":false,"impulse_buy":null,"wine_rating":null,"product_id":46578,"aisle_ids":[513],"department_ids":[82],"aisle_sort_order":1,"aisle_sort_orders":{"513":1},"dept_sort_order":3,"dept_sort_orders":{"82":3},"details":"","directions":null,"warnings":null,"ingredients":null,"organic":true,"kosher":false,"gluten_free":false,"low_fat":false,"fat_free":false,"sugar_free":false,"vegan":false,"vegetarian":false,"serving_size":null,"servings_per_container":null,"calories":null,"fat_calories":null,"fat":null,"saturated_fat":null,"trans_fat":null,"polyunsaturated_fat":null,"monounsaturated_fat":null,"cholesterol":null,"sodium":null,"potassium":null,"carbohydrate":null,"fiber":null,"sugars":null,"protein":null,"alcohol_by_volume":null},{"id":3891953,"available":true,"unlisted":false,"aisle_id":513,"sale_percent":null,"department_id":82,"brand_name":null,"name":"Fresh Fruits Organic Lemon","display_name":"Organic Lemon","price":0.89,"full_price":null,"sale_price":null,"price_per_unit":0.89,"loyalty_price":null,"loyalty_price_active":false,"size":"each","display_size":"each","product_type":"normal","unit":"each","par_weight":0.33,"related_item_ids":[],"visible":true,"warehouse_id":3,"primary_image_url":"https://d2lnr5mha7bycj.cloudfront.net/itemimage/image/primary_9222e5ec-aea3-4ae0-9ae9-7f38414f4d3b.jpg","large_image_url":"https://d2lnr5mha7bycj.cloudfront.net/itemimage/image/primary_9222e5ec-aea3-4ae0-9ae9-7f38414f4d3b.jpg","frequently_not_found":null,"frequently_found":null,"often_out_of_stock":null,"special_instructions":null,"featured":false,"user_description":null,"unit_count":null,"bulky":false,"taxable":false,"is_alcoholic?":false,"impulse_buy":null,"wine_rating":null,"product_id":54285,"aisle_ids":[513],"department_ids":[82],"aisle_sort_order":2,"aisle_sort_orders":{"513":2},"dept_sort_order":7,"dept_sort_orders":{"82":7},"details":"","directions":null,"warnings":null,"ingredients":null,"organic":true,"kosher":false,"gluten_free":false,"low_fat":false,"fat_free":false,"sugar_free":false,"vegan":false,"vegetarian":false,"serving_size":null,"servings_per_container":null,"calories":null,"fat_calories":null,"fat":null,"saturated_fat":null,"trans_fat":null,"polyunsaturated_fat":null,"monounsaturated_fat":null,"cholesterol":null,"sodium":null,"potassium":null,"carbohydrate":null,"fiber":null,"sugars":null,"protein":null,"alcohol_by_volume":null},{"id":6829436,"available":true,"unlisted":false,"aisle_id":513,"sale_percent":null,"department_id":82,"brand_name":null,"name":"Fresh Fruits Organic Strawberries","display_name":"Organic Strawberries","price":3.33,"full_price":4.49,"sale_price":{"fractional":"333.0","currency":{"id":"usd","alternate_symbols":["US$"],"decimal_mark":".","disambiguate_symbol":null,"html_entity":"$","iso_code":"USD","iso_numeric":"840","name":"United States Dollar","priority":1,"smallest_denomination":1,"subunit":"Cent","subunit_to_unit":100,"symbol":"$","symbol_first":true,"thousands_separator":","},"bank":{"rounding_method":null,"rates":{},"mutex":{}}},"price_per_unit":3.33,"loyalty_price":null,"loyalty_price_active":false,"size":"16 oz","display_size":"16 oz","product_type":"normal","unit":"each","par_weight":null,"related_item_ids":[],"visible":true,"warehouse_id":3,"primary_image_url":"https://d2lnr5mha7bycj.cloudfront.net/itemimage/image/primary_2b556ca6-13a3-49ef-a794-74ebc0e51788.jpg","large_image_url":"https://d2lnr5mha7bycj.cloudfront.net/itemimage/image/primary_2b556ca6-13a3-49ef-a794-74ebc0e51788.jpg","frequently_not_found":null,"frequently_found":null,"often_out_of_stock":null,"special_instructions":null,"featured":false,"user_description":null,"unit_count":null,"bulky":false,"taxable":false,"is_alcoholic?":false,"impulse_buy":null,"wine_rating":null,"product_id":275292,"aisle_ids":[513,18073],"department_ids":[82,2230],"aisle_sort_order":3,"aisle_sort_orders":{"513":3,"18073":2},"dept_sort_order":9,"dept_sort_orders":{"82":9,"2230":2},"details":"","directions":null,"warnings":null,"ingredients":"Strawberries.","organic":true,"kosher":false,"gluten_free":false,"low_fat":false,"fat_free":false,"sugar_free":false,"vegan":false,"vegetarian":false,"serving_size":null,"servings_per_container":null,"calories":null,"fat_calories":null,"fat":null,"saturated_fat":null,"trans_fat":null,"polyunsaturated_fat":null,"monounsaturated_fat":null,"cholesterol":null,"sodium":null,"potassium":null,"carbohydrate":null,"fiber":null,"sugars":null,"protein":null,"alcohol_by_volume":null},{"id":4143974,"available":true,"unlisted":false,"aisle_id":513,"sale_percent":null,"department_id":82,"brand_name":null,"name":"Fresh Fruits Lime","display_name":"Lime","price":0.33,"full_price":null,"sale_price":null,"price_per_unit":0.33,"loyalty_price":null,"loyalty_price_active":false,"size":"each","display_size":"each","product_type":"normal","unit":"each","par_weight":0.25,"related_item_ids":[],"visible":true,"warehouse_id":3,"primary_image_url":"https://d2lnr5mha7bycj.cloudfront.net/itemimage/image/primary_8c5ac87e-246d-4340-b5d7-a210a16c389d.jpg","large_image_url":"https://d2lnr5mha7bycj.cloudfront.net/itemimage/image/large_8c5ac87e-246d-4340-b5d7-a210a16c389d.jpg","frequently_not_found":null,"frequently_found":null,"often_out_of_stock":null,"special_instructions":null,"featured":false,"user_description":null,"unit_count":null,"bulky":false,"taxable":false,"is_alcoholic?":false,"impulse_buy":null,"wine_rating":null,"product_id":84940,"aisle_ids":[513],"department_ids":[82],"aisle_sort_order":4,"aisle_sort_orders":{"513":4},"dept_sort_order":11,"dept_sort_orders":{"82":11},"details":"","directions":null,"warnings":null,"ingredients":null,"organic":false,"kosher":false,"gluten_free":false,"low_fat":false,"fat_free":false,"sugar_free":false,"vegan":false,"vegetarian":false,"serving_size":null,"servings_per_container":null,"calories":null,"fat_calories":null,"fat":null,"saturated_fat":null,"trans_fat":null,"polyunsaturated_fat":null,"monounsaturated_fat":null,"cholesterol":null,"sodium":null,"potassium":null,"carbohydrate":null,"fiber":null,"sugars":null,"protein":null,"alcohol_by_volume":null},{"id":3830413,"available":true,"unlisted":false,"aisle_id":513,"sale_percent":null,"department_id":82,"brand_name":null,"name":"Fresh Fruits Organic D'Anjou Pear","display_name":"Organic D'Anjou Pear","price":1.18,"full_price":null,"sale_price":null,"price_per_unit":2.69,"loyalty_price":null,"loyalty_price_active":false,"size":"~ 0.44 lbs","display_size":"~ 0.44 lbs","product_type":"variable","unit":"each","par_weight":0.44,"related_item_ids":[],"visible":true,"warehouse_id":3,"primary_image_url":"https://d2lnr5mha7bycj.cloudfront.net/itemimage/image/primary_3c51ffdc-79ee-4788-9516-0edf4d951776.jpg","large_image_url":"https://d2lnr5mha7bycj.cloudfront.net/itemimage/image/primary_3c51ffdc-79ee-4788-9516-0edf4d951776.jpg","frequently_not_found":null,"frequently_found":null,"often_out_of_stock":null,"special_instructions":null,"featured":false,"user_description":null,"unit_count":null,"bulky":false,"taxable":false,"is_alcoholic?":false,"impulse_buy":null,"wine_rating":null,"product_id":74204,"aisle_ids":[513],"department_ids":[82],"aisle_sort_order":8,"aisle_sort_orders":{"513":8},"dept_sort_order":20,"dept_sort_orders":{"82":20},"details":"","directions":null,"warnings":null,"ingredients":null,"organic":true,"kosher":false,"gluten_free":false,"low_fat":false,"fat_free":false,"sugar_free":false,"vegan":false,"vegetarian":false,"serving_size":null,"servings_per_container":null,"calories":null,"fat_calories":null,"fat":null,"saturated_fat":null,"trans_fat":null,"polyunsaturated_fat":null,"monounsaturated_fat":null,"cholesterol":null,"sodium":null,"potassium":null,"carbohydrate":null,"fiber":null,"sugars":null,"protein":null,"alcohol_by_volume":null},{"id":3796286,"available":true,"unlisted":false,"aisle_id":513,"sale_percent":null,"department_id":82,"brand_name":"Whole Foods","name":"Fresh Fruits Whole Foods Organic Gala Apple","display_name":"Whole Foods Organic Gala Apple","price":1.56,"full_price":null,"sale_price":null,"price_per_unit":3.99,"loyalty_price":null,"loyalty_price_active":false,"size":"~ 0.39 lbs","display_size":"~ 0.39 lbs","product_type":"variable","unit":"each","par_weight":0.39,"related_item_ids":[],"visible":true,"warehouse_id":3,"primary_image_url":"https://d2lnr5mha7bycj.cloudfront.net/itemimage/image/primary_c495bcb0-48a9-470b-9553-8742d25ee1aa.jpg","large_image_url":"https://d2lnr5mha7bycj.cloudfront.net/itemimage/image/primary_c495bcb0-48a9-470b-9553-8742d25ee1aa.jpg","frequently_not_found":null,"frequently_found":null,"often_out_of_stock":null,"special_instructions":null,"featured":false,"user_description":null,"unit_count":null,"bulky":false,"taxable":false,"is_alcoholic?":false,"impulse_buy":null,"wine_rating":null,"product_id":388385,"aisle_ids":[513],"department_ids":[82],"aisle_sort_order":9,"aisle_sort_orders":{"513":9},"dept_sort_order":21,"dept_sort_orders":{"82":21},"details":"","directions":null,"warnings":null,"ingredients":null,"organic":true,"kosher":false,"gluten_free":false,"low_fat":false,"fat_free":false,"sugar_free":false,"vegan":false,"vegetarian":false,"serving_size":null,"servings_per_container":null,"calories":null,"fat_calories":null,"fat":null,"saturated_fat":null,"trans_fat":null,"polyunsaturated_fat":null,"monounsaturated_fat":null,"cholesterol":null,"sodium":null,"potassium":null,"carbohydrate":null,"fiber":null,"sugars":null,"protein":null,"alcohol_by_volume":null},{"id":3992499,"available":true,"unlisted":false,"aisle_id":513,"sale_percent":null,"department_id":82,"brand_name":null,"name":"Fresh Fruits Large Navel Orange","display_name":"Large Navel Orange","price":1.12,"full_price":null,"sale_price":null,"price_per_unit":1.29,"loyalty_price":null,"loyalty_price_active":false,"size":"~ 0.87 lbs","display_size":"~ 0.87 lbs","product_type":"variable","unit":"each","par_weight":0.87,"related_item_ids":[],"visible":true,"warehouse_id":3,"primary_image_url":"https://d2lnr5mha7bycj.cloudfront.net/itemimage/image/primary_d230617d-3591-4224-b028-04d5a3d7e17b.png","large_image_url":"https://d2lnr5mha7bycj.cloudfront.net/itemimage/image/primary_d230617d-3591-4224-b028-04d5a3d7e17b.png","frequently_not_found":null,"frequently_found":null,"often_out_of_stock":null,"special_instructions":null,"featured":false,"user_description":null,"unit_count":null,"bulky":false,"taxable":false,"is_alcoholic?":false,"impulse_buy":null,"wine_rating":null,"product_id":20131,"aisle_ids":[513],"department_ids":[82],"aisle_sort_order":10,"aisle_sort_orders":{"513":10},"dept_sort_order":23,"dept_sort_orders":{"82":23},"details":"","directions":null,"warnings":null,"ingredients":null,"organic":false,"kosher":false,"gluten_free":false,"low_fat":false,"fat_free":false,"sugar_free":false,"vegan":false,"vegetarian":false,"serving_size":null,"servings_per_container":null,"calories":null,"fat_calories":null,"fat":null,"saturated_fat":null,"trans_fat":null,"polyunsaturated_fat":null,"monounsaturated_fat":null,"cholesterol":null,"sodium":null,"potassium":null,"carbohydrate":null,"fiber":null,"sugars":null,"protein":null,"alcohol_by_volume":null},{"id":3876046,"available":true,"unlisted":false,"aisle_id":513,"sale_percent":null,"department_id":82,"brand_name":null,"name":"Fresh Fruits Organic Fuji Apples","display_name":"Organic Fuji Apples","price":3.99,"full_price":null,"sale_price":null,"price_per_unit":3.99,"loyalty_price":null,"loyalty_price_active":false,"size":"per lb","display_size":"per lb","product_type":"looseweight","unit":"lb","par_weight":null,"related_item_ids":[],"visible":true,"warehouse_id":3,"primary_image_url":"https://d2lnr5mha7bycj.cloudfront.net/itemimage/image/primary_eb89edce-b2ff-4638-a504-0e5732de8ce3.jpg","large_image_url":"https://d2lnr5mha7bycj.cloudfront.net/itemimage/image/large_eb89edce-b2ff-4638-a504-0e5732de8ce3.jpg","frequently_not_found":null,"frequently_found":null,"often_out_of_stock":null,"special_instructions":null,"featured":false,"user_description":null,"unit_count":null,"bulky":false,"taxable":false,"is_alcoholic?":false,"impulse_buy":null,"wine_rating":null,"product_id":389112,"aisle_ids":[513],"department_ids":[82],"aisle_sort_order":12,"aisle_sort_orders":{"513":12},"dept_sort_order":29,"dept_sort_orders":{"82":29},"details":"","directions":null,"warnings":null,"ingredients":null,"organic":true,"kosher":false,"gluten_free":false,"low_fat":false,"fat_free":false,"sugar_free":false,"vegan":false,"vegetarian":false,"serving_size":null,"servings_per_container":null,"calories":null,"fat_calories":null,"fat":null,"saturated_fat":null,"trans_fat":null,"polyunsaturated_fat":null,"monounsaturated_fat":null,"cholesterol":null,"sodium":null,"potassium":null,"carbohydrate":null,"fiber":null,"sugars":null,"protein":null,"alcohol_by_volume":null},{"id":11760644,"available":true,"unlisted":false,"aisle_id":513,"sale_percent":null,"department_id":82,"brand_name":null,"name":"Fresh Fruits Organic Raspberries","display_name":"Organic Raspberries","price":4.99,"full_price":null,"sale_price":null,"price_per_unit":4.99,"loyalty_price":null,"loyalty_price_active":false,"size":"6 oz","display_size":"6 oz","product_type":"normal","unit":"each","par_weight":null,"related_item_ids":[],"visible":true,"warehouse_id":3,"primary_image_url":"https://d2lnr5mha7bycj.cloudfront.net/itemimage/image/primary_ff8fb315-55cf-4709-9e76-f1c4b21102ac.jpeg","large_image_url":"https://d2lnr5mha7bycj.cloudfront.net/itemimage/image/primary_ff8fb315-55cf-4709-9e76-f1c4b21102ac.jpeg","frequently_not_found":null,"frequently_found":null,"often_out_of_stock":null,"special_instructions":null,"featured":false,"user_description":null,"unit_count":null,"bulky":false,"taxable":false,"is_alcoholic?":false,"impulse_buy":null,"wine_rating":null,"product_id":87804,"aisle_ids":[513],"department_ids":[82],"aisle_sort_order":13,"aisle_sort_orders":{"513":13},"dept_sort_order":30,"dept_sort_orders":{"82":30},"details":"","directions":null,"warnings":null,"ingredients":null,"organic":true,"kosher":false,"gluten_free":false,"low_fat":false,"fat_free":false,"sugar_free":false,"vegan":false,"vegetarian":false,"serving_size":null,"servings_per_container":null,"calories":null,"fat_calories":null,"fat":null,"saturated_fat":null,"trans_fat":null,"polyunsaturated_fat":null,"monounsaturated_fat":null,"cholesterol":null,"sodium":null,"potassium":null,"carbohydrate":null,"fiber":null,"sugars":null,"protein":null,"alcohol_by_volume":null},{"id":3974261,"available":true,"unlisted":false,"aisle_id":513,"sale_percent":null,"department_id":82,"brand_name":null,"name":"Fresh Fruits Organic Kiwi","display_name":"Organic Kiwi","price":0.89,"full_price":null,"sale_price":null,"price_per_unit":0.89,"loyalty_price":null,"loyalty_price_active":false,"size":"each","display_size":"each","product_type":"normal","unit":"each","par_weight":null,"related_item_ids":[],"visible":true,"warehouse_id":3,"primary_image_url":"https://d2lnr5mha7bycj.cloudfront.net/itemimage/image/primary_52ef19af-4ec8-433a-86be-e86e58cd652b.jpg","large_image_url":"https://d2lnr5mha7bycj.cloudfront.net/itemimage/image/primary_52ef19af-4ec8-433a-86be-e86e58cd652b.jpg","frequently_not_found":null,"frequently_found":null,"often_out_of_stock":null,"special_instructions":null,"featured":false,"user_description":null,"unit_count":null,"bulky":false,"taxable":false,"is_alcoholic?":false,"impulse_buy":null,"wine_rating":null,"product_id":54299,"aisle_ids":[513],"department_ids":[82],"aisle_sort_order":14,"aisle_sort_orders":{"513":14},"dept_sort_order":31,"dept_sort_orders":{"82":31},"details":"","directions":null,"warnings":null,"ingredients":null,"organic":true,"kosher":false,"gluten_free":false,"low_fat":false,"fat_free":false,"sugar_free":false,"vegan":false,"vegetarian":false,"serving_size":null,"servings_per_container":null,"calories":null,"fat_calories":null,"fat":null,"saturated_fat":null,"trans_fat":null,"polyunsaturated_fat":null,"monounsaturated_fat":null,"cholesterol":null,"sodium":null,"potassium":null,"carbohydrate":null,"fiber":null,"sugars":null,"protein":null,"alcohol_by_volume":null},{"id":3841963,"available":true,"unlisted":false,"aisle_id":513,"sale_percent":null,"department_id":82,"brand_name":null,"name":"Fresh Fruits Small Haas Avocados","display_name":"Small Haas Avocados","price":1.79,"full_price":null,"sale_price":null,"price_per_unit":1.79,"loyalty_price":null,"loyalty_price_active":false,"size":"each","display_size":"each","product_type":"normal","unit":"each","par_weight":null,"related_item_ids":[],"visible":true,"warehouse_id":3,"primary_image_url":"https://d2lnr5mha7bycj.cloudfront.net/itemimage/image/primary_05cee1a8-9546-473b-be0b-2f3dc39a0413.jpg","large_image_url":"https://d2lnr5mha7bycj.cloudfront.net/itemimage/image/large_05cee1a8-9546-473b-be0b-2f3dc39a0413.jpg","frequently_not_found":null,"frequently_found":null,"often_out_of_stock":null,"special_instructions":null,"featured":false,"user_description":null,"unit_count":null,"bulky":false,"taxable":false,"is_alcoholic?":false,"impulse_buy":null,"wine_rating":null,"product_id":413364,"aisle_ids":[513],"department_ids":[82],"aisle_sort_order":16,"aisle_sort_orders":{"513":16},"dept_sort_order":37,"dept_sort_orders":{"82":37},"details":"","directions":null,"warnings":null,"ingredients":null,"organic":false,"kosher":false,"gluten_free":false,"low_fat":false,"fat_free":false,"sugar_free":false,"vegan":false,"vegetarian":false,"serving_size":null,"servings_per_container":null,"calories":null,"fat_calories":null,"fat":null,"saturated_fat":null,"trans_fat":null,"polyunsaturated_fat":null,"monounsaturated_fat":null,"cholesterol":null,"sodium":null,"potassium":null,"carbohydrate":null,"fiber":null,"sugars":null,"protein":null,"alcohol_by_volume":null},{"id":3980627,"available":true,"unlisted":false,"aisle_id":513,"sale_percent":null,"department_id":82,"brand_name":null,"name":"Fresh Fruits Organic Navel Orange","display_name":"Organic Navel Orange","price":1.54,"full_price":null,"sale_price":null,"price_per_unit":2.49,"loyalty_price":null,"loyalty_price_active":false,"size":"~ 0.62 lbs","display_size":"~ 0.62 lbs","product_type":"variable","unit":"each","par_weight":0.62,"related_item_ids":[],"visible":true,"warehouse_id":3,"primary_image_url":"https://d2lnr5mha7bycj.cloudfront.net/itemimage/image/primary_92dfa6c2-8eb1-413d-bb1d-2cf57e9a25be.jpg","large_image_url":"https://d2lnr5mha7bycj.cloudfront.net/itemimage/image/large_92dfa6c2-8eb1-413d-bb1d-2cf57e9a25be.jpg","frequently_not_found":null,"frequently_found":null,"often_out_of_stock":null,"special_instructions":null,"featured":false,"user_description":null,"unit_count":null,"bulky":false,"taxable":false,"is_alcoholic?":false,"impulse_buy":null,"wine_rating":null,"product_id":84912,"aisle_ids":[513],"department_ids":[82],"aisle_sort_order":18,"aisle_sort_orders":{"513":18},"dept_sort_order":43,"dept_sort_orders":{"82":43},"details":"","directions":null,"warnings":null,"ingredients":null,"organic":true,"kosher":false,"gluten_free":false,"low_fat":false,"fat_free":false,"sugar_free":false,"vegan":false,"vegetarian":false,"serving_size":null,"servings_per_container":null,"calories":null,"fat_calories":null,"fat":null,"saturated_fat":null,"trans_fat":null,"polyunsaturated_fat":null,"monounsaturated_fat":null,"cholesterol":null,"sodium":null,"potassium":null,"carbohydrate":null,"fiber":null,"sugars":null,"protein":null,"alcohol_by_volume":null},{"id":3853455,"available":true,"unlisted":false,"aisle_id":513,"sale_percent":null,"department_id":82,"brand_name":null,"name":"Fresh Fruits Organic Large Gala Apple","display_name":"Organic Large Gala Apple","price":1.11,"full_price":null,"sale_price":null,"price_per_unit":2.99,"loyalty_price":null,"loyalty_price_active":false,"size":"~ 0.37 lbs","display_size":"~ 0.37 lbs","product_type":"variable","unit":"each","par_weight":0.37,"related_item_ids":[],"visible":true,"warehouse_id":3,"primary_image_url":"https://d2lnr5mha7bycj.cloudfront.net/itemimage/image/-bb569715de5977eb593146c786a494c3.jpg","large_image_url":"https://d2lnr5mha7bycj.cloudfront.net/itemimage/image/-bb569715de5977eb593146c786a494c3.jpg","frequently_not_found":null,"frequently_found":null,"often_out_of_stock":null,"special_instructions":null,"featured":false,"user_description":null,"unit_count":null,"bulky":false,"taxable":false,"is_alcoholic?":false,"impulse_buy":null,"wine_rating":null,"product_id":30534,"aisle_ids":[513],"department_ids":[82],"aisle_sort_order":19,"aisle_sort_orders":{"513":19},"dept_sort_order":46,"dept_sort_orders":{"82":46},"details":"","directions":null,"warnings":null,"ingredients":null,"organic":true,"kosher":false,"gluten_free":false,"low_fat":false,"fat_free":false,"sugar_free":false,"vegan":false,"vegetarian":false,"serving_size":null,"servings_per_container":null,"calories":null,"fat_calories":null,"fat":null,"saturated_fat":null,"trans_fat":null,"polyunsaturated_fat":null,"monounsaturated_fat":null,"cholesterol":null,"sodium":null,"potassium":null,"carbohydrate":null,"fiber":null,"sugars":null,"protein":null,"alcohol_by_volume":null},{"id":3855105,"available":true,"unlisted":false,"aisle_id":513,"sale_percent":null,"department_id":82,"brand_name":null,"name":"Fresh Fruits Organic Large Extra Fancy Fuji Apple","display_name":"Organic Large Extra Fancy Fuji Apple","price":1.11,"full_price":null,"sale_price":null,"price_per_unit":2.99,"loyalty_price":null,"loyalty_price_active":false,"size":"~ 0.37 lbs","display_size":"~ 0.37 lbs","product_type":"variable","unit":"each","par_weight":0.37,"related_item_ids":[],"visible":true,"warehouse_id":3,"primary_image_url":"https://d2lnr5mha7bycj.cloudfront.net/itemimage/image/primary_6e22cc88-7d8e-49ce-ae0b-da2ed6720b16.jpg","large_image_url":"https://d2lnr5mha7bycj.cloudfront.net/itemimage/image/large_6e22cc88-7d8e-49ce-ae0b-da2ed6720b16.jpg","frequently_not_found":null,"frequently_found":null,"often_out_of_stock":null,"special_instructions":null,"featured":false,"user_description":null,"unit_count":null,"bulky":false,"taxable":false,"is_alcoholic?":false,"impulse_buy":null,"wine_rating":null,"product_id":84799,"aisle_ids":[513],"department_ids":[82],"aisle_sort_order":21,"aisle_sort_orders":{"513":21},"dept_sort_order":55,"dept_sort_orders":{"82":55},"details":"","directions":null,"warnings":null,"ingredients":null,"organic":true,"kosher":false,"gluten_free":false,"low_fat":false,"fat_free":false,"sugar_free":false,"vegan":false,"vegetarian":false,"serving_size":null,"servings_per_container":null,"calories":null,"fat_calories":null,"fat":null,"saturated_fat":null,"trans_fat":null,"polyunsaturated_fat":null,"monounsaturated_fat":null,"cholesterol":null,"sodium":null,"potassium":null,"carbohydrate":null,"fiber":null,"sugars":null,"protein":null,"alcohol_by_volume":null},{"id":8251811,"available":true,"unlisted":false,"aisle_id":513,"sale_percent":null,"department_id":82,"brand_name":null,"name":"Fresh Fruits Organic Avocado","display_name":"Organic Avocado","price":2.29,"full_price":null,"sale_price":null,"price_per_unit":2.29,"loyalty_price":null,"loyalty_price_active":false,"size":"each","display_size":"each","product_type":"normal","unit":"each","par_weight":null,"related_item_ids":[],"visible":true,"warehouse_id":3,"primary_image_url":"https://d2lnr5mha7bycj.cloudfront.net/itemimage/image/primary_d38c23e6-1556-49f8-abc0-e6e98be74878.jpg","large_image_url":"https://d2lnr5mha7bycj.cloudfront.net/itemimage/image/primary_d38c23e6-1556-49f8-abc0-e6e98be74878.jpg","frequently_not_found":null,"frequently_found":null,"often_out_of_stock":null,"special_instructions":null,"featured":false,"user_description":null,"unit_count":null,"bulky":false,"taxable":false,"is_alcoholic?":false,"impulse_buy":null,"wine_rating":null,"product_id":1457204,"aisle_ids":[513],"department_ids":[82],"aisle_sort_order":22,"aisle_sort_orders":{"513":22},"dept_sort_order":50,"dept_sort_orders":{"82":50},"details":"","directions":null,"warnings":null,"ingredients":null,"organic":true,"kosher":false,"gluten_free":false,"low_fat":false,"fat_free":false,"sugar_free":false,"vegan":false,"vegetarian":false,"serving_size":null,"servings_per_container":null,"calories":null,"fat_calories":null,"fat":null,"saturated_fat":null,"trans_fat":null,"polyunsaturated_fat":null,"monounsaturated_fat":null,"cholesterol":null,"sodium":null,"potassium":null,"carbohydrate":null,"fiber":null,"sugars":null,"protein":null,"alcohol_by_volume":null},{"id":3832876,"available":true,"unlisted":false,"aisle_id":513,"sale_percent":null,"department_id":82,"brand_name":null,"name":"Fresh Fruits Organic Bosc Pear","display_name":"Organic Bosc Pear","price":1.55,"full_price":null,"sale_price":null,"price_per_unit":2.99,"loyalty_price":null,"loyalty_price_active":false,"size":"~ 0.52 lbs","display_size":"~ 0.52 lbs","product_type":"variable","unit":"each","par_weight":0.52,"related_item_ids":[],"visible":true,"warehouse_id":3,"primary_image_url":"https://d2lnr5mha7bycj.cloudfront.net/itemimage/image/primary_28ff1000-db0e-4464-b75a-e72cfd3e892f.jpeg","large_image_url":"https://d2lnr5mha7bycj.cloudfront.net/itemimage/image/primary_28ff1000-db0e-4464-b75a-e72cfd3e892f.jpeg","frequently_not_found":null,"frequently_found":null,"often_out_of_stock":null,"special_instructions":null,"featured":false,"user_description":null,"unit_count":null,"bulky":false,"taxable":false,"is_alcoholic?":false,"impulse_buy":null,"wine_rating":null,"product_id":30552,"aisle_ids":[513],"department_ids":[82],"aisle_sort_order":23,"aisle_sort_orders":{"513":23},"dept_sort_order":59,"dept_sort_orders":{"82":59},"details":"","directions":null,"warnings":null,"ingredients":null,"organic":true,"kosher":false,"gluten_free":false,"low_fat":false,"fat_free":false,"sugar_free":false,"vegan":false,"vegetarian":false,"serving_size":null,"servings_per_container":null,"calories":null,"fat_calories":null,"fat":null,"saturated_fat":null,"trans_fat":null,"polyunsaturated_fat":null,"monounsaturated_fat":null,"cholesterol":null,"sodium":null,"potassium":null,"carbohydrate":null,"fiber":null,"sugars":null,"protein":null,"alcohol_by_volume":null},{"id":3842262,"available":true,"unlisted":false,"aisle_id":513,"sale_percent":null,"department_id":82,"brand_name":null,"name":"Fresh Fruits Bag of Organic Lemon","display_name":"Bag of Organic Lemon","price":4.99,"full_price":null,"sale_price":null,"price_per_unit":4.99,"loyalty_price":null,"loyalty_price_active":false,"size":"2 lb","display_size":"2 lb","product_type":"normal","unit":"each","par_weight":null,"related_item_ids":[],"visible":true,"warehouse_id":3,"primary_image_url":"https://d2lnr5mha7bycj.cloudfront.net/itemimage/image/primary_3af148e3-d0b1-4d2a-bdd2-0eec6c1a62ac.png","large_image_url":"https://d2lnr5mha7bycj.cloudfront.net/itemimage/image/large_3af148e3-d0b1-4d2a-bdd2-0eec6c1a62ac.png","frequently_not_found":null,"frequently_found":null,"often_out_of_stock":null,"special_instructions":null,"featured":false,"user_description":null,"unit_count":null,"bulky":false,"taxable":false,"is_alcoholic?":false,"impulse_buy":null,"wine_rating":null,"product_id":142464,"aisle_ids":[513],"department_ids":[82],"aisle_sort_order":25,"aisle_sort_orders":{"513":25},"dept_sort_order":66,"dept_sort_orders":{"82":66},"details":"Lots of juice and a bright, clear, tart flavor that is surprisingly low in acid. The rind has lots of tang with a bitter note thrown in. We use lemons as a substitute for salt on veggies, a pinch hitter for vinegar in dressings, and an overall flavor booster in both sweet and savory dishes.","directions":null,"warnings":null,"ingredients":null,"organic":true,"kosher":false,"gluten_free":false,"low_fat":false,"fat_free":false,"sugar_free":false,"vegan":false,"vegetarian":false,"serving_size":null,"servings_per_container":null,"calories":null,"fat_calories":null,"fat":null,"saturated_fat":null,"trans_fat":null,"polyunsaturated_fat":null,"monounsaturated_fat":null,"cholesterol":null,"sodium":null,"potassium":null,"carbohydrate":null,"fiber":null,"sugars":null,"protein":null,"alcohol_by_volume":null},{"id":3861824,"available":true,"unlisted":false,"aisle_id":513,"sale_percent":null,"department_id":82,"brand_name":null,"name":"Fresh Fruits Red Seedless Grapes Bag","display_name":"Red Seedless Grapes Bag","price":7.5,"full_price":null,"sale_price":null,"price_per_unit":3.99,"loyalty_price":null,"loyalty_price_active":false,"size":"~ 1.88 lbs","display_size":"~ 1.88 lbs","product_type":"variable","unit":"each","par_weight":1.88,"related_item_ids":[],"visible":true,"warehouse_id":3,"primary_image_url":"https://d2lnr5mha7bycj.cloudfront.net/itemimage/image/primary_726aa6d5-0fec-4b53-9ab0-4e647aeb9290.jpg","large_image_url":"https://d2lnr5mha7bycj.cloudfront.net/itemimage/image/primary_726aa6d5-0fec-4b53-9ab0-4e647aeb9290.jpg","frequently_not_found":null,"frequently_found":null,"often_out_of_stock":null,"special_instructions":null,"featured":false,"user_description":null,"unit_count":null,"bulky":false,"taxable":false,"is_alcoholic?":false,"impulse_buy":null,"wine_rating":null,"product_id":74195,"aisle_ids":[513],"department_ids":[82],"aisle_sort_order":26,"aisle_sort_orders":{"513":26},"dept_sort_order":63,"dept_sort_orders":{"82":63},"details":"","directions":null,"warnings":null,"ingredients":null,"organic":false,"kosher":false,"gluten_free":false,"low_fat":false,"fat_free":false,"sugar_free":false,"vegan":false,"vegetarian":false,"serving_size":null,"servings_per_container":null,"calories":null,"fat_calories":null,"fat":null,"saturated_fat":null,"trans_fat":null,"polyunsaturated_fat":null,"monounsaturated_fat":null,"cholesterol":null,"sodium":null,"potassium":null,"carbohydrate":null,"fiber":null,"sugars":null,"protein":null,"alcohol_by_volume":null},{"id":8245548,"available":true,"unlisted":false,"aisle_id":513,"sale_percent":null,"department_id":82,"brand_name":"Whole Foods Market","name":"Fresh Fruits Whole Foods Market Banana Wtg Earth","display_name":"Whole Foods Market Banana Wtg Earth","price":0.79,"full_price":null,"sale_price":null,"price_per_unit":0.79,"loyalty_price":null,"loyalty_price_active":false,"size":"per lb","display_size":"per lb","product_type":"looseweight","unit":"lb","par_weight":null,"related_item_ids":[],"visible":true,"warehouse_id":3,"primary_image_url":"https://d2lnr5mha7bycj.cloudfront.net/itemimage/image/primary_13a7b90d-e125-4cef-a12d-12cfdf867208.jpg","large_image_url":"https://d2lnr5mha7bycj.cloudfront.net/itemimage/image/large_13a7b90d-e125-4cef-a12d-12cfdf867208.jpg","frequently_not_found":null,"frequently_found":null,"often_out_of_stock":null,"special_instructions":null,"featured":false,"user_description":null,"unit_count":null,"bulky":false,"taxable":false,"is_alcoholic?":false,"impulse_buy":null,"wine_rating":null,"product_id":491540,"aisle_ids":[513],"department_ids":[82],"aisle_sort_order":29,"aisle_sort_orders":{"513":29},"dept_sort_order":73,"dept_sort_orders":{"82":73},"details":"","directions":null,"warnings":null,"ingredients":null,"organic":false,"kosher":false,"gluten_free":false,"low_fat":false,"fat_free":false,"sugar_free":false,"vegan":false,"vegetarian":false,"serving_size":null,"servings_per_container":null,"calories":null,"fat_calories":null,"fat":null,"saturated_fat":null,"trans_fat":null,"polyunsaturated_fat":null,"monounsaturated_fat":null,"cholesterol":null,"sodium":null,"potassium":null,"carbohydrate":null,"fiber":null,"sugars":null,"protein":null,"alcohol_by_volume":null},{"id":3894064,"available":true,"unlisted":false,"aisle_id":513,"sale_percent":null,"department_id":82,"brand_name":null,"name":"Fresh Fruits Organic Mango","display_name":"Organic Mango","price":2.0,"full_price":null,"sale_price":null,"price_per_unit":2.0,"loyalty_price":null,"loyalty_price_active":false,"size":"each","display_size":"each","product_type":"normal","unit":"each","par_weight":null,"related_item_ids":[],"visible":true,"warehouse_id":3,"primary_image_url":"https://d2lnr5mha7bycj.cloudfront.net/itemimage/image/primary_68338c0d-d312-45e4-b368-c80e5c64d7af.jpg","large_image_url":"https://d2lnr5mha7bycj.cloudfront.net/itemimage/image/primary_68338c0d-d312-45e4-b368-c80e5c64d7af.jpg","frequently_not_found":null,"frequently_found":null,"often_out_of_stock":null,"special_instructions":null,"featured":false,"user_description":null,"unit_count":null,"bulky":false,"taxable":false,"is_alcoholic?":false,"impulse_buy":null,"wine_rating":null,"product_id":84896,"aisle_ids":[513],"department_ids":[82],"aisle_sort_order":29,"aisle_sort_orders":{"513":29},"dept_sort_order":79,"dept_sort_orders":{"82":79},"details":"","directions":null,"warnings":null,"ingredients":null,"organic":true,"kosher":false,"gluten_free":false,"low_fat":false,"fat_free":false,"sugar_free":false,"vegan":false,"vegetarian":false,"serving_size":null,"servings_per_container":null,"calories":null,"fat_calories":null,"fat":null,"saturated_fat":null,"trans_fat":null,"polyunsaturated_fat":null,"monounsaturated_fat":null,"cholesterol":null,"sodium":null,"potassium":null,"carbohydrate":null,"fiber":null,"sugars":null,"protein":null,"alcohol_by_volume":null},{"id":4198176,"available":true,"unlisted":false,"aisle_id":513,"sale_percent":null,"department_id":82,"brand_name":null,"name":"Fresh Fruits Young Coconuts","display_name":"Young Coconuts","price":3.99,"full_price":null,"sale_price":null,"price_per_unit":3.99,"loyalty_price":null,"loyalty_price_active":false,"size":"each","display_size":"each","product_type":"normal","unit":"each","par_weight":null,"related_item_ids":[],"visible":true,"warehouse_id":3,"primary_image_url":"https://d2lnr5mha7bycj.cloudfront.net/itemimage/image/primary_77361716-35a4-48b6-ba8c-6b4c020b09ae.jpg","large_image_url":"https://d2lnr5mha7bycj.cloudfront.net/itemimage/image/primary_77361716-35a4-48b6-ba8c-6b4c020b09ae.jpg","frequently_not_found":null,"frequently_found":null,"often_out_of_stock":null,"special_instructions":null,"featured":false,"user_description":null,"unit_count":null,"bulky":false,"taxable":false,"is_alcoholic?":false,"impulse_buy":null,"wine_rating":null,"product_id":396095,"aisle_ids":[513],"department_ids":[82],"aisle_sort_order":32,"aisle_sort_orders":{"513":32},"dept_sort_order":83,"dept_sort_orders":{"82":83},"details":"","directions":null,"warnings":null,"ingredients":null,"organic":false,"kosher":false,"gluten_free":false,"low_fat":false,"fat_free":false,"sugar_free":false,"vegan":false,"vegetarian":false,"serving_size":null,"servings_per_container":null,"calories":null,"fat_calories":null,"fat":null,"saturated_fat":null,"trans_fat":null,"polyunsaturated_fat":null,"monounsaturated_fat":null,"cholesterol":null,"sodium":null,"potassium":null,"carbohydrate":null,"fiber":null,"sugars":null,"protein":null,"alcohol_by_volume":null},{"id":3826381,"available":true,"unlisted":false,"aisle_id":513,"sale_percent":null,"department_id":82,"brand_name":null,"name":"Fresh Fruits Organic Whole Pineapple","display_name":"Organic Whole Pineapple","price":4.99,"full_price":null,"sale_price":null,"price_per_unit":4.99,"loyalty_price":null,"loyalty_price_active":false,"size":"each","display_size":"each","product_type":"normal","unit":"each","par_weight":null,"related_item_ids":[],"visible":true,"warehouse_id":3,"primary_image_url":"https://d2lnr5mha7bycj.cloudfront.net/itemimage/image/primary_fb466663-371b-4478-a1ce-257c75a0daae.jpg","large_image_url":"https://d2lnr5mha7bycj.cloudfront.net/itemimage/image/primary_fb466663-371b-4478-a1ce-257c75a0daae.jpg","frequently_not_found":null,"frequently_found":null,"often_out_of_stock":null,"special_instructions":null,"featured":false,"user_description":null,"unit_count":null,"bulky":false,"taxable":false,"is_alcoholic?":false,"impulse_buy":null,"wine_rating":null,"product_id":209742,"aisle_ids":[513],"department_ids":[82],"aisle_sort_order":33,"aisle_sort_orders":{"513":33},"dept_sort_order":102,"dept_sort_orders":{"82":102},"details":"","directions":null,"warnings":null,"ingredients":null,"organic":true,"kosher":false,"gluten_free":false,"low_fat":false,"fat_free":false,"sugar_free":false,"vegan":false,"vegetarian":false,"serving_size":null,"servings_per_container":null,"calories":null,"fat_calories":null,"fat":null,"saturated_fat":null,"trans_fat":null,"polyunsaturated_fat":null,"monounsaturated_fat":null,"cholesterol":null,"sodium":null,"potassium":null,"carbohydrate":null,"fiber":null,"sugars":null,"protein":null,"alcohol_by_volume":null},{"id":11655168,"available":true,"unlisted":false,"aisle_id":513,"sale_percent":null,"department_id":82,"brand_name":null,"name":"Fresh Fruits Organic Blackberries","display_name":"Organic Blackberries","price":4.99,"full_price":null,"sale_price":null,"price_per_unit":4.99,"loyalty_price":null,"loyalty_price_active":false,"size":"6 oz","display_size":"6 oz","product_type":"normal","unit":"each","par_weight":null,"related_item_ids":[],"visible":true,"warehouse_id":3,"primary_image_url":"https://d2lnr5mha7bycj.cloudfront.net/itemimage/image/primary_4a18b3cd-afb9-4b08-8c0c-4ed55ad7b1c5.jpeg","large_image_url":"https://d2lnr5mha7bycj.cloudfront.net/itemimage/image/primary_4a18b3cd-afb9-4b08-8c0c-4ed55ad7b1c5.jpeg","frequently_not_found":null,"frequently_found":null,"often_out_of_stock":null,"special_instructions":null,"featured":false,"user_description":null,"unit_count":null,"bulky":false,"taxable":false,"is_alcoholic?":false,"impulse_buy":null,"wine_rating":null,"product_id":1967592,"aisle_ids":[513],"department_ids":[82],"aisle_sort_order":35,"aisle_sort_orders":{"513":35},"dept_sort_order":110,"dept_sort_orders":{"82":110},"details":"","directions":null,"warnings":null,"ingredients":null,"organic":true,"kosher":false,"gluten_free":false,"low_fat":false,"fat_free":false,"sugar_free":false,"vegan":false,"vegetarian":false,"serving_size":null,"servings_per_container":null,"calories":null,"fat_calories":null,"fat":null,"saturated_fat":null,"trans_fat":null,"polyunsaturated_fat":null,"monounsaturated_fat":null,"cholesterol":null,"sodium":null,"potassium":null,"carbohydrate":null,"fiber":null,"sugars":null,"protein":null,"alcohol_by_volume":null},{"id":10286084,"available":true,"unlisted":false,"aisle_id":513,"sale_percent":null,"department_id":82,"brand_name":null,"name":"Fresh Fruits Apple Pink Lady Organic","display_name":"Apple Pink Lady Organic","price":3.49,"full_price":null,"sale_price":null,"price_per_unit":3.49,"loyalty_price":null,"loyalty_price_active":false,"size":"each","display_size":"each","product_type":"normal","unit":"each","par_weight":0.4,"related_item_ids":[],"visible":true,"warehouse_id":3,"primary_image_url":"https://d2lnr5mha7bycj.cloudfront.net/itemimage/image/primary_d2b7c08b-0ac9-46ca-8822-da3d710b6641.jpg","large_image_url":"https://d2lnr5mha7bycj.cloudfront.net/itemimage/image/large_d2b7c08b-0ac9-46ca-8822-da3d710b6641.jpg","frequently_not_found":null,"frequently_found":null,"often_out_of_stock":null,"special_instructions":null,"featured":false,"user_description":null,"unit_count":null,"bulky":false,"taxable":false,"is_alcoholic?":false,"impulse_buy":null,"wine_rating":null,"product_id":1244214,"aisle_ids":[513],"department_ids":[82],"aisle_sort_order":36,"aisle_sort_orders":{"513":36},"dept_sort_order":110,"dept_sort_orders":{"82":110},"details":"","directions":null,"warnings":null,"ingredients":null,"organic":true,"kosher":false,"gluten_free":false,"low_fat":false,"fat_free":false,"sugar_free":false,"vegan":false,"vegetarian":false,"serving_size":null,"servings_per_container":null,"calories":null,"fat_calories":null,"fat":null,"saturated_fat":null,"trans_fat":null,"polyunsaturated_fat":null,"monounsaturated_fat":null,"cholesterol":null,"sodium":null,"potassium":null,"carbohydrate":null,"fiber":null,"sugars":null,"protein":null,"alcohol_by_volume":null},{"id":4044618,"available":true,"unlisted":false,"aisle_id":513,"sale_percent":null,"department_id":82,"brand_name":null,"name":"Fresh Fruits Golden Delicious Apple","display_name":"Golden Delicious Apple","price":0.92,"full_price":null,"sale_price":null,"price_per_unit":2.49,"loyalty_price":null,"loyalty_price_active":false,"size":"~ 0.37 lbs","display_size":"~ 0.37 lbs","product_type":"variable","unit":"each","par_weight":0.37,"related_item_ids":[],"visible":true,"warehouse_id":3,"primary_image_url":"https://d2lnr5mha7bycj.cloudfront.net/itemimage/image/primary_97decf42-193d-4374-ba67-5adb12a77e3a.jpg","large_image_url":"https://d2lnr5mha7bycj.cloudfront.net/itemimage/image/primary_97decf42-193d-4374-ba67-5adb12a77e3a.jpg","frequently_not_found":null,"frequently_found":null,"often_out_of_stock":null,"special_instructions":null,"featured":false,"user_description":null,"unit_count":null,"bulky":false,"taxable":false,"is_alcoholic?":false,"impulse_buy":null,"wine_rating":null,"product_id":74187,"aisle_ids":[513],"department_ids":[82],"aisle_sort_order":40,"aisle_sort_orders":{"513":40},"dept_sort_order":128,"dept_sort_orders":{"82":128},"details":"","directions":null,"warnings":null,"ingredients":null,"organic":false,"kosher":false,"gluten_free":false,"low_fat":false,"fat_free":false,"sugar_free":false,"vegan":false,"vegetarian":false,"serving_size":null,"servings_per_container":null,"calories":null,"fat_calories":null,"fat":null,"saturated_fat":null,"trans_fat":null,"polyunsaturated_fat":null,"monounsaturated_fat":null,"cholesterol":null,"sodium":null,"potassium":null,"carbohydrate":null,"fiber":null,"sugars":null,"protein":null,"alcohol_by_volume":null},{"id":3867899,"available":true,"unlisted":false,"aisle_id":513,"sale_percent":null,"department_id":82,"brand_name":null,"name":"Fresh Fruits Pineapple Chunks Organic","display_name":"Pineapple Chunks Organic","price":4.99,"full_price":null,"sale_price":null,"price_per_unit":4.99,"loyalty_price":null,"loyalty_price_active":false,"size":"8 oz","display_size":"8 oz","product_type":"normal","unit":"each","par_weight":null,"related_item_ids":[],"visible":true,"warehouse_id":3,"primary_image_url":"https://d2lnr5mha7bycj.cloudfront.net/itemimage/image/primary_bb59b76c-e6d8-4f41-b17f-50773aaff5d9.jpg","large_image_url":"https://d2lnr5mha7bycj.cloudfront.net/itemimage/image/primary_bb59b76c-e6d8-4f41-b17f-50773aaff5d9.jpg","frequently_not_found":null,"frequently_found":null,"often_out_of_stock":null,"special_instructions":null,"featured":false,"user_description":null,"unit_count":null,"bulky":false,"taxable":false,"is_alcoholic?":false,"impulse_buy":null,"wine_rating":null,"product_id":447817,"aisle_ids":[513],"department_ids":[82],"aisle_sort_order":40,"aisle_sort_orders":{"513":40},"dept_sort_order":118,"dept_sort_orders":{"82":118},"details":"","directions":null,"warnings":null,"ingredients":null,"organic":true,"kosher":false,"gluten_free":false,"low_fat":false,"fat_free":false,"sugar_free":false,"vegan":false,"vegetarian":false,"serving_size":null,"servings_per_container":null,"calories":null,"fat_calories":null,"fat":null,"saturated_fat":null,"trans_fat":null,"polyunsaturated_fat":null,"monounsaturated_fat":null,"cholesterol":null,"sodium":null,"potassium":null,"carbohydrate":null,"fiber":null,"sugars":null,"protein":null,"alcohol_by_volume":null},{"id":3979430,"available":true,"unlisted":false,"aisle_id":513,"sale_percent":null,"department_id":82,"brand_name":null,"name":"Fresh Fruits Organic Red Delicious Apple","display_name":"Organic Red Delicious Apple","price":0.78,"full_price":null,"sale_price":null,"price_per_unit":1.99,"loyalty_price":null,"loyalty_price_active":false,"size":"~ 0.39 lbs","display_size":"~ 0.39 lbs","product_type":"variable","unit":"each","par_weight":0.39,"related_item_ids":[],"visible":true,"warehouse_id":3,"primary_image_url":"https://d2lnr5mha7bycj.cloudfront.net/itemimage/image/primary_ae8b85c7-865b-466d-b946-25c667866749.jpeg","large_image_url":"https://d2lnr5mha7bycj.cloudfront.net/itemimage/image/primary_ae8b85c7-865b-466d-b946-25c667866749.jpeg","frequently_not_found":null,"frequently_found":null,"often_out_of_stock":null,"special_instructions":null,"featured":false,"user_description":null,"unit_count":null,"bulky":false,"taxable":false,"is_alcoholic?":false,"impulse_buy":null,"wine_rating":null,"product_id":74418,"aisle_ids":[513],"department_ids":[82],"aisle_sort_order":41,"aisle_sort_orders":{"513":41},"dept_sort_order":121,"dept_sort_orders":{"82":121},"details":"","directions":null,"warnings":null,"ingredients":null,"organic":true,"kosher":false,"gluten_free":false,"low_fat":false,"fat_free":false,"sugar_free":false,"vegan":false,"vegetarian":false,"serving_size":null,"servings_per_container":null,"calories":null,"fat_calories":null,"fat":null,"saturated_fat":null,"trans_fat":null,"polyunsaturated_fat":null,"monounsaturated_fat":null,"cholesterol":null,"sodium":null,"potassium":null,"carbohydrate":null,"fiber":null,"sugars":null,"protein":null,"alcohol_by_volume":null},{"id":3971364,"available":true,"unlisted":false,"aisle_id":513,"sale_percent":null,"department_id":82,"brand_name":null,"name":"Fresh Fruits Large Bosc Pear","display_name":"Large Bosc Pear","price":1.01,"full_price":null,"sale_price":null,"price_per_unit":1.99,"loyalty_price":null,"loyalty_price_active":false,"size":"~ 0.51 lbs","display_size":"~ 0.51 lbs","product_type":"variable","unit":"each","par_weight":0.51,"related_item_ids":[],"visible":true,"warehouse_id":3,"primary_image_url":"https://d2lnr5mha7bycj.cloudfront.net/itemimage/image/primary_e6da4e63-358b-4e26-8e2d-1ac38038ed48.jpg","large_image_url":"https://d2lnr5mha7bycj.cloudfront.net/itemimage/image/primary_e6da4e63-358b-4e26-8e2d-1ac38038ed48.jpg","frequently_not_found":null,"frequently_found":null,"often_out_of_stock":null,"special_instructions":null,"featured":false,"user_description":null,"unit_count":null,"bulky":false,"taxable":false,"is_alcoholic?":false,"impulse_buy":null,"wine_rating":null,"product_id":74203,"aisle_ids":[513],"department_ids":[82],"aisle_sort_order":42,"aisle_sort_orders":{"513":42},"dept_sort_order":122,"dept_sort_orders":{"82":122},"details":"Bosc Pears","directions":null,"warnings":null,"ingredients":null,"organic":false,"kosher":false,"gluten_free":false,"low_fat":false,"fat_free":false,"sugar_free":false,"vegan":false,"vegetarian":false,"serving_size":null,"servings_per_container":null,"calories":null,"fat_calories":null,"fat":null,"saturated_fat":null,"trans_fat":null,"polyunsaturated_fat":null,"monounsaturated_fat":null,"cholesterol":null,"sodium":null,"potassium":null,"carbohydrate":null,"fiber":null,"sugars":null,"protein":null,"alcohol_by_volume":null},{"id":10215945,"available":true,"unlisted":false,"aisle_id":513,"sale_percent":null,"department_id":82,"brand_name":"Whole Trade Guarantee","name":"Fresh Fruits Whole Trade Guarantee Bananas","display_name":"Whole Trade Guarantee Bananas","price":0.79,"full_price":null,"sale_price":null,"price_per_unit":0.79,"loyalty_price":null,"loyalty_price_active":false,"size":"per lb","display_size":"per lb","product_type":"looseweight","unit":"lb","par_weight":null,"related_item_ids":[],"visible":true,"warehouse_id":3,"primary_image_url":"https://d2lnr5mha7bycj.cloudfront.net/itemimage/image/primary_d7b4a697-87df-46eb-80d0-1e2bbca998ba.jpg","large_image_url":"https://d2lnr5mha7bycj.cloudfront.net/itemimage/image/large_d7b4a697-87df-46eb-80d0-1e2bbca998ba.jpg","frequently_not_found":null,"frequently_found":null,"often_out_of_stock":null,"special_instructions":null,"featured":false,"user_description":null,"unit_count":null,"bulky":false,"taxable":false,"is_alcoholic?":false,"impulse_buy":null,"wine_rating":null,"product_id":410102,"aisle_ids":[513],"department_ids":[82],"aisle_sort_order":43,"aisle_sort_orders":{"513":43},"dept_sort_order":148,"dept_sort_orders":{"82":148},"details":"","directions":null,"warnings":null,"ingredients":null,"organic":false,"kosher":false,"gluten_free":false,"low_fat":false,"fat_free":false,"sugar_free":false,"vegan":false,"vegetarian":false,"serving_size":null,"servings_per_container":null,"calories":null,"fat_calories":null,"fat":null,"saturated_fat":null,"trans_fat":null,"polyunsaturated_fat":null,"monounsaturated_fat":null,"cholesterol":null,"sodium":null,"potassium":null,"carbohydrate":null,"fiber":null,"sugars":null,"protein":null,"alcohol_by_volume":null},{"id":3796893,"available":true,"unlisted":false,"aisle_id":513,"sale_percent":null,"department_id":82,"brand_name":null,"name":"Fresh Fruits Organic Braeburn Apple","display_name":"Organic Braeburn Apple","price":2.99,"full_price":null,"sale_price":null,"price_per_unit":2.99,"loyalty_price":null,"loyalty_price_active":false,"size":"per lb","display_size":"per lb","product_type":"looseweight","unit":"lb","par_weight":null,"related_item_ids":[],"visible":true,"warehouse_id":3,"primary_image_url":"https://d2lnr5mha7bycj.cloudfront.net/itemimage/image/primary_bbbd1552-12d2-4d82-bf8d-71ee1c914733.jpg","large_image_url":"https://d2lnr5mha7bycj.cloudfront.net/itemimage/image/large_bbbd1552-12d2-4d82-bf8d-71ee1c914733.jpg","frequently_not_found":null,"frequently_found":null,"often_out_of_stock":null,"special_instructions":null,"featured":false,"user_description":null,"unit_count":null,"bulky":false,"taxable":false,"is_alcoholic?":false,"impulse_buy":null,"wine_rating":null,"product_id":355353,"aisle_ids":[513],"department_ids":[82],"aisle_sort_order":43,"aisle_sort_orders":{"513":43},"dept_sort_order":134,"dept_sort_orders":{"82":134},"details":"","directions":null,"warnings":null,"ingredients":null,"organic":true,"kosher":false,"gluten_free":false,"low_fat":false,"fat_free":false,"sugar_free":false,"vegan":false,"vegetarian":false,"serving_size":null,"servings_per_container":null,"calories":null,"fat_calories":null,"fat":null,"saturated_fat":null,"trans_fat":null,"polyunsaturated_fat":null,"monounsaturated_fat":null,"cholesterol":null,"sodium":null,"potassium":null,"carbohydrate":null,"fiber":null,"sugars":null,"protein":null,"alcohol_by_volume":null},{"id":3827931,"available":true,"unlisted":false,"aisle_id":513,"sale_percent":null,"department_id":82,"brand_name":null,"name":"Fresh Fruits Organic Pineapple","display_name":"Organic Pineapple","price":4.99,"full_price":null,"sale_price":null,"price_per_unit":4.99,"loyalty_price":null,"loyalty_price_active":false,"size":"each","display_size":"each","product_type":"normal","unit":"each","par_weight":null,"related_item_ids":[],"visible":true,"warehouse_id":3,"primary_image_url":"https://d2lnr5mha7bycj.cloudfront.net/itemimage/image/primary_ab67a032-711b-437e-9821-bdb17cd0edd1.jpg","large_image_url":"https://d2lnr5mha7bycj.cloudfront.net/itemimage/image/large_ab67a032-711b-437e-9821-bdb17cd0edd1.jpg","frequently_not_found":null,"frequently_found":null,"often_out_of_stock":null,"special_instructions":null,"featured":false,"user_description":null,"unit_count":null,"bulky":false,"taxable":false,"is_alcoholic?":false,"impulse_buy":null,"wine_rating":null,"product_id":311325,"aisle_ids":[513],"department_ids":[82],"aisle_sort_order":45,"aisle_sort_orders":{"513":45},"dept_sort_order":161,"dept_sort_orders":{"82":161},"details":"","directions":null,"warnings":null,"ingredients":null,"organic":true,"kosher":false,"gluten_free":false,"low_fat":false,"fat_free":false,"sugar_free":false,"vegan":false,"vegetarian":false,"serving_size":null,"servings_per_container":null,"calories":null,"fat_calories":null,"fat":null,"saturated_fat":null,"trans_fat":null,"polyunsaturated_fat":null,"monounsaturated_fat":null,"cholesterol":null,"sodium":null,"potassium":null,"carbohydrate":null,"fiber":null,"sugars":null,"protein":null,"alcohol_by_volume":null},{"id":4179573,"available":true,"unlisted":false,"aisle_id":513,"sale_percent":null,"department_id":82,"brand_name":"Produce","name":"Fresh Fruits Produce Yam Garnet","display_name":"Produce Yam Garnet","price":0.99,"full_price":null,"sale_price":null,"price_per_unit":0.99,"loyalty_price":null,"loyalty_price_active":false,"size":"per lb","display_size":"per lb","product_type":"looseweight","unit":"lb","par_weight":null,"related_item_ids":[],"visible":true,"warehouse_id":3,"primary_image_url":"https://d2lnr5mha7bycj.cloudfront.net/itemimage/image/primary_c775d239-cbc9-408c-b2b9-0df61eb4cb41.jpg","large_image_url":"https://d2lnr5mha7bycj.cloudfront.net/itemimage/image/primary_c775d239-cbc9-408c-b2b9-0df61eb4cb41.jpg","frequently_not_found":null,"frequently_found":null,"often_out_of_stock":null,"special_instructions":null,"featured":false,"user_description":null,"unit_count":null,"bulky":false,"taxable":false,"is_alcoholic?":false,"impulse_buy":null,"wine_rating":null,"product_id":493734,"aisle_ids":[513],"department_ids":[82],"aisle_sort_order":46,"aisle_sort_orders":{"513":46},"dept_sort_order":151,"dept_sort_orders":{"82":151},"details":"","directions":null,"warnings":null,"ingredients":null,"organic":false,"kosher":false,"gluten_free":false,"low_fat":false,"fat_free":false,"sugar_free":false,"vegan":false,"vegetarian":false,"serving_size":null,"servings_per_container":null,"calories":null,"fat_calories":null,"fat":null,"saturated_fat":null,"trans_fat":null,"polyunsaturated_fat":null,"monounsaturated_fat":null,"cholesterol":null,"sodium":null,"potassium":null,"carbohydrate":null,"fiber":null,"sugars":null,"protein":null,"alcohol_by_volume":null},{"id":3999551,"available":true,"unlisted":false,"aisle_id":513,"sale_percent":null,"department_id":82,"brand_name":null,"name":"Fresh Fruits Kiwi","display_name":"Kiwi","price":0.79,"full_price":null,"sale_price":null,"price_per_unit":0.79,"loyalty_price":null,"loyalty_price_active":false,"size":"each","display_size":"each","product_type":"normal","unit":"each","par_weight":0.3,"related_item_ids":[],"visible":true,"warehouse_id":3,"primary_image_url":"https://d2lnr5mha7bycj.cloudfront.net/itemimage/image/primary_848fbb18-8de1-4474-bd64-40766dc9c883.jpg","large_image_url":"https://d2lnr5mha7bycj.cloudfront.net/itemimage/image/primary_848fbb18-8de1-4474-bd64-40766dc9c883.jpg","frequently_not_found":null,"frequently_found":null,"often_out_of_stock":null,"special_instructions":null,"featured":false,"user_description":null,"unit_count":null,"bulky":false,"taxable":false,"is_alcoholic?":false,"impulse_buy":null,"wine_rating":null,"product_id":43254,"aisle_ids":[513],"department_ids":[82],"aisle_sort_order":48,"aisle_sort_orders":{"513":48},"dept_sort_order":160,"dept_sort_orders":{"82":160},"details":"","directions":null,"warnings":null,"ingredients":null,"organic":false,"kosher":false,"gluten_free":false,"low_fat":false,"fat_free":false,"sugar_free":false,"vegan":false,"vegetarian":false,"serving_size":null,"servings_per_container":null,"calories":null,"fat_calories":null,"fat":null,"saturated_fat":null,"trans_fat":null,"polyunsaturated_fat":null,"monounsaturated_fat":null,"cholesterol":null,"sodium":null,"potassium":null,"carbohydrate":null,"fiber":null,"sugars":null,"protein":null,"alcohol_by_volume":null},{"id":3875634,"available":true,"unlisted":false,"aisle_id":513,"sale_percent":null,"department_id":82,"brand_name":"Whole Foods Market","name":"Fresh Fruits Whole Foods Market Whole Trade Organic Roma Tomatoes","display_name":"Whole Foods Market Whole Trade Organic Roma Tomatoes","price":2.49,"full_price":null,"sale_price":null,"price_per_unit":2.49,"loyalty_price":null,"loyalty_price_active":false,"size":"per lb","display_size":"per lb","product_type":"looseweight","unit":"lb","par_weight":null,"related_item_ids":[],"visible":true,"warehouse_id":3,"primary_image_url":"https://d2lnr5mha7bycj.cloudfront.net/itemimage/image/primary_65f82734-f696-4e6e-8297-761bb1dfd1df.jpg","large_image_url":"https://d2lnr5mha7bycj.cloudfront.net/itemimage/image/primary_65f82734-f696-4e6e-8297-761bb1dfd1df.jpg","frequently_not_found":null,"frequently_found":null,"often_out_of_stock":null,"special_instructions":null,"featured":false,"user_description":null,"unit_count":null,"bulky":false,"taxable":false,"is_alcoholic?":false,"impulse_buy":null,"wine_rating":null,"product_id":463039,"aisle_ids":[513],"department_ids":[82],"aisle_sort_order":49,"aisle_sort_orders":{"513":49},"dept_sort_order":156,"dept_sort_orders":{"82":156},"details":"","directions":null,"warnings":null,"ingredients":null,"organic":true,"kosher":false,"gluten_free":false,"low_fat":false,"fat_free":false,"sugar_free":false,"vegan":false,"vegetarian":false,"serving_size":null,"servings_per_container":null,"calories":null,"fat_calories":null,"fat":null,"saturated_fat":null,"trans_fat":null,"polyunsaturated_fat":null,"monounsaturated_fat":null,"cholesterol":null,"sodium":null,"potassium":null,"carbohydrate":null,"fiber":null,"sugars":null,"protein":null,"alcohol_by_volume":null},{"id":4201273,"available":true,"unlisted":false,"aisle_id":513,"sale_percent":null,"department_id":82,"brand_name":null,"name":"Fresh Fruits Organic Yellow Peach","display_name":"Organic Yellow Peach","price":1.9,"full_price":null,"sale_price":null,"price_per_unit":4.99,"loyalty_price":null,"loyalty_price_active":false,"size":"~ 0.38 lbs","display_size":"~ 0.38 lbs","product_type":"variable","unit":"each","par_weight":0.38,"related_item_ids":[],"visible":true,"warehouse_id":3,"primary_image_url":"https://d2lnr5mha7bycj.cloudfront.net/itemimage/image/primary_4b69249d-486c-4a22-9f40-3fd6c5cd6451.jpg","large_image_url":"https://d2lnr5mha7bycj.cloudfront.net/itemimage/image/large_4b69249d-486c-4a22-9f40-3fd6c5cd6451.jpg","frequently_not_found":null,"frequently_found":null,"often_out_of_stock":null,"special_instructions":null,"featured":false,"user_description":null,"unit_count":null,"bulky":false,"taxable":false,"is_alcoholic?":false,"impulse_buy":null,"wine_rating":null,"product_id":396620,"aisle_ids":[513],"department_ids":[82],"aisle_sort_order":52,"aisle_sort_orders":{"513":52},"dept_sort_order":169,"dept_sort_orders":{"82":169},"details":"","directions":null,"warnings":null,"ingredients":null,"organic":true,"kosher":false,"gluten_free":false,"low_fat":false,"fat_free":false,"sugar_free":false,"vegan":false,"vegetarian":false,"serving_size":null,"servings_per_container":null,"calories":null,"fat_calories":null,"fat":null,"saturated_fat":null,"trans_fat":null,"polyunsaturated_fat":null,"monounsaturated_fat":null,"cholesterol":null,"sodium":null,"potassium":null,"carbohydrate":null,"fiber":null,"sugars":null,"protein":null,"alcohol_by_volume":null},{"id":3875380,"available":true,"unlisted":false,"aisle_id":513,"sale_percent":null,"department_id":82,"brand_name":"Fruit Melon Water","name":"Fresh Fruits Fruit Melon Water Organic Mini Seedless Watermelon 8/9 Ct","display_name":"Fruit Melon Water Organic Mini Seedless Watermelon 8/9 Ct","price":0.99,"full_price":null,"sale_price":null,"price_per_unit":0.99,"loyalty_price":null,"loyalty_price_active":false,"size":"each","display_size":"each","product_type":"normal","unit":"each","par_weight":null,"related_item_ids":[],"visible":true,"warehouse_id":3,"primary_image_url":"https://d2lnr5mha7bycj.cloudfront.net/itemimage/image/primary_61e5c7a8-4ed5-423f-98d3-18978d41d6c8.jpg","large_image_url":"https://d2lnr5mha7bycj.cloudfront.net/itemimage/image/large_61e5c7a8-4ed5-423f-98d3-18978d41d6c8.jpg","frequently_not_found":null,"frequently_found":null,"often_out_of_stock":null,"special_instructions":null,"featured":false,"user_description":null,"unit_count":null,"bulky":false,"taxable":false,"is_alcoholic?":false,"impulse_buy":null,"wine_rating":null,"product_id":380994,"aisle_ids":[513],"department_ids":[82],"aisle_sort_order":55,"aisle_sort_orders":{"513":55},"dept_sort_order":210,"dept_sort_orders":{"82":210},"details":"","directions":null,"warnings":null,"ingredients":null,"organic":true,"kosher":false,"gluten_free":false,"low_fat":false,"fat_free":false,"sugar_free":false,"vegan":false,"vegetarian":false,"serving_size":null,"servings_per_container":null,"calories":null,"fat_calories":null,"fat":null,"saturated_fat":null,"trans_fat":null,"polyunsaturated_fat":null,"monounsaturated_fat":null,"cholesterol":null,"sodium":null,"potassium":null,"carbohydrate":null,"fiber":null,"sugars":null,"protein":null,"alcohol_by_volume":null},{"id":3859918,"available":true,"unlisted":false,"aisle_id":513,"sale_percent":null,"department_id":82,"brand_name":null,"name":"Fresh Fruits Organic Braeburn Apple","display_name":"Organic Braeburn Apple","price":1.2,"full_price":null,"sale_price":null,"price_per_unit":2.99,"loyalty_price":null,"loyalty_price_active":false,"size":"~ 0.4 lbs","display_size":"~ 0.4 lbs","product_type":"variable","unit":"each","par_weight":0.4,"related_item_ids":[],"visible":true,"warehouse_id":3,"primary_image_url":"https://d2lnr5mha7bycj.cloudfront.net/itemimage/image/primary_70d148f7-4d65-40fc-9245-454d7ac60eab.jpg","large_image_url":"https://d2lnr5mha7bycj.cloudfront.net/itemimage/image/primary_70d148f7-4d65-40fc-9245-454d7ac60eab.jpg","frequently_not_found":null,"frequently_found":null,"often_out_of_stock":null,"special_instructions":null,"featured":false,"user_description":null,"unit_count":null,"bulky":false,"taxable":false,"is_alcoholic?":false,"impulse_buy":null,"wine_rating":null,"product_id":30551,"aisle_ids":[513],"department_ids":[82],"aisle_sort_order":61,"aisle_sort_orders":{"513":61},"dept_sort_order":200,"dept_sort_orders":{"82":200},"details":"","directions":null,"warnings":null,"ingredients":null,"organic":true,"kosher":false,"gluten_free":false,"low_fat":false,"fat_free":false,"sugar_free":false,"vegan":false,"vegetarian":false,"serving_size":null,"servings_per_container":null,"calories":null,"fat_calories":null,"fat":null,"saturated_fat":null,"trans_fat":null,"polyunsaturated_fat":null,"monounsaturated_fat":null,"cholesterol":null,"sodium":null,"potassium":null,"carbohydrate":null,"fiber":null,"sugars":null,"protein":null,"alcohol_by_volume":null},{"id":4190002,"available":true,"unlisted":false,"aisle_id":513,"sale_percent":null,"department_id":82,"brand_name":"Whole Foods","name":"Fresh Fruits Whole Foods Watermelon Cut","display_name":"Whole Foods Watermelon Cut","price":1.29,"full_price":null,"sale_price":null,"price_per_unit":1.29,"loyalty_price":null,"loyalty_price_active":false,"size":"per lb","display_size":"per lb","product_type":"looseweight","unit":"lb","par_weight":null,"related_item_ids":[],"visible":true,"warehouse_id":3,"primary_image_url":"https://d2lnr5mha7bycj.cloudfront.net/itemimage/image/primary_a94144a7-ad27-4c97-96ac-6729fad94cd0.jpg","large_image_url":"https://d2lnr5mha7bycj.cloudfront.net/itemimage/image/primary_a94144a7-ad27-4c97-96ac-6729fad94cd0.jpg","frequently_not_found":null,"frequently_found":null,"often_out_of_stock":null,"special_instructions":null,"featured":false,"user_description":null,"unit_count":null,"bulky":false,"taxable":false,"is_alcoholic?":false,"impulse_buy":null,"wine_rating":null,"product_id":496038,"aisle_ids":[513],"department_ids":[82],"aisle_sort_order":82,"aisle_sort_orders":{"513":82},"dept_sort_order":333,"dept_sort_orders":{"82":333},"details":"","directions":null,"warnings":null,"ingredients":null,"organic":false,"kosher":false,"gluten_free":false,"low_fat":false,"fat_free":false,"sugar_free":false,"vegan":false,"vegetarian":false,"serving_size":null,"servings_per_container":null,"calories":null,"fat_calories":null,"fat":null,"saturated_fat":null,"trans_fat":null,"polyunsaturated_fat":null,"monounsaturated_fat":null,"cholesterol":null,"sodium":null,"potassium":null,"carbohydrate":null,"fiber":null,"sugars":null,"protein":null,"alcohol_by_volume":null},{"id":4196913,"available":true,"unlisted":false,"aisle_id":513,"sale_percent":null,"department_id":82,"brand_name":"Produce","name":"Fresh Fruits Produce Organic Citrus Lime Bag 1 Lb","display_name":"Produce Organic Citrus Lime Bag 1 Lb","price":3.99,"full_price":null,"sale_price":null,"price_per_unit":3.99,"loyalty_price":null,"loyalty_price_active":false,"size":"1 lb","display_size":"1 lb","product_type":"normal","unit":"each","par_weight":null,"related_item_ids":[],"visible":true,"warehouse_id":3,"primary_image_url":"https://d2lnr5mha7bycj.cloudfront.net/itemimage/image/primary_2c9ba219-9f2f-4f41-b1a8-5dc9cb8df453.jpg","large_image_url":"https://d2lnr5mha7bycj.cloudfront.net/itemimage/image/large_2c9ba219-9f2f-4f41-b1a8-5dc9cb8df453.jpg","frequently_not_found":null,"frequently_found":null,"often_out_of_stock":null,"special_instructions":null,"featured":false,"user_description":null,"unit_count":null,"bulky":false,"taxable":false,"is_alcoholic?":false,"impulse_buy":null,"wine_rating":null,"product_id":500226,"aisle_ids":[513],"department_ids":[82],"aisle_sort_order":86,"aisle_sort_orders":{"513":86},"dept_sort_order":335,"dept_sort_orders":{"82":335},"details":"","directions":null,"warnings":null,"ingredients":null,"organic":true,"kosher":false,"gluten_free":false,"low_fat":false,"fat_free":false,"sugar_free":false,"vegan":false,"vegetarian":false,"serving_size":null,"servings_per_container":null,"calories":null,"fat_calories":null,"fat":null,"saturated_fat":null,"trans_fat":null,"polyunsaturated_fat":null,"monounsaturated_fat":null,"cholesterol":null,"sodium":null,"potassium":null,"carbohydrate":null,"fiber":null,"sugars":null,"protein":null,"alcohol_by_volume":null},{"id":4059498,"available":true,"unlisted":false,"aisle_id":513,"sale_percent":null,"department_id":82,"brand_name":null,"name":"Fresh Fruits Organic Gala Apple","display_name":"Organic Gala Apple","price":1.35,"full_price":null,"sale_price":null,"price_per_unit":1.35,"loyalty_price":null,"loyalty_price_active":false,"size":"each","display_size":"each","product_type":"normal","unit":"each","par_weight":0.45,"related_item_ids":[],"visible":true,"warehouse_id":3,"primary_image_url":"https://d2lnr5mha7bycj.cloudfront.net/itemimage/image/primary_95cff3f6-7b55-4f64-8e88-228f9828d1b9.jpg","large_image_url":"https://d2lnr5mha7bycj.cloudfront.net/itemimage/image/large_95cff3f6-7b55-4f64-8e88-228f9828d1b9.jpg","frequently_not_found":null,"frequently_found":null,"often_out_of_stock":null,"special_instructions":null,"featured":false,"user_description":null,"unit_count":null,"bulky":false,"taxable":false,"is_alcoholic?":false,"impulse_buy":null,"wine_rating":null,"product_id":84815,"aisle_ids":[513],"department_ids":[82],"aisle_sort_order":89,"aisle_sort_orders":{"513":89},"dept_sort_order":356,"dept_sort_orders":{"82":356},"details":"","directions":null,"warnings":null,"ingredients":null,"organic":true,"kosher":false,"gluten_free":false,"low_fat":false,"fat_free":false,"sugar_free":false,"vegan":false,"vegetarian":false,"serving_size":null,"servings_per_container":null,"calories":null,"fat_calories":null,"fat":null,"saturated_fat":null,"trans_fat":null,"polyunsaturated_fat":null,"monounsaturated_fat":null,"cholesterol":null,"sodium":null,"potassium":null,"carbohydrate":null,"fiber":null,"sugars":null,"protein":null,"alcohol_by_volume":null},{"id":3836807,"available":true,"unlisted":false,"aisle_id":513,"sale_percent":null,"department_id":82,"brand_name":null,"name":"Fresh Fruits Bag Of Red Globe Grapes","display_name":"Bag Of Red Globe Grapes","price":6.28,"full_price":null,"sale_price":null,"price_per_unit":2.99,"loyalty_price":null,"loyalty_price_active":false,"size":"~ 2.1 lbs","display_size":"~ 2.1 lbs","product_type":"variable","unit":"each","par_weight":2.1,"related_item_ids":[],"visible":true,"warehouse_id":3,"primary_image_url":"https://d2lnr5mha7bycj.cloudfront.net/itemimage/image/primary_3f1d1974-1771-4906-ab91-73bf05a7a707.jpg","large_image_url":"https://d2lnr5mha7bycj.cloudfront.net/itemimage/image/primary_3f1d1974-1771-4906-ab91-73bf05a7a707.jpg","frequently_not_found":null,"frequently_found":null,"often_out_of_stock":null,"special_instructions":null,"featured":false,"user_description":null,"unit_count":null,"bulky":false,"taxable":false,"is_alcoholic?":false,"impulse_buy":null,"wine_rating":null,"product_id":74196,"aisle_ids":[513],"department_ids":[82],"aisle_sort_order":95,"aisle_sort_orders":{"513":95},"dept_sort_order":379,"dept_sort_orders":{"82":379},"details":"","directions":null,"warnings":null,"ingredients":null,"organic":false,"kosher":false,"gluten_free":false,"low_fat":false,"fat_free":false,"sugar_free":false,"vegan":false,"vegetarian":false,"serving_size":null,"servings_per_container":null,"calories":null,"fat_calories":null,"fat":null,"saturated_fat":null,"trans_fat":null,"polyunsaturated_fat":null,"monounsaturated_fat":null,"cholesterol":null,"sodium":null,"potassium":null,"carbohydrate":null,"fiber":null,"sugars":null,"protein":null,"alcohol_by_volume":null},{"id":4007090,"available":true,"unlisted":false,"aisle_id":513,"sale_percent":null,"department_id":82,"brand_name":null,"name":"Fresh Fruits Organic Abate Fetel Pear","display_name":"Organic Abate Fetel Pear","price":1.5,"full_price":null,"sale_price":null,"price_per_unit":2.99,"loyalty_price":null,"loyalty_price_active":false,"size":"~ 0.5 lbs","display_size":"~ 0.5 lbs","product_type":"variable","unit":"each","par_weight":0.5,"related_item_ids":[],"visible":true,"warehouse_id":3,"primary_image_url":"https://d2lnr5mha7bycj.cloudfront.net/itemimage/image/primary_a7fbd10f-b041-4c7c-8e66-73f3b478eb67.jpg","large_image_url":"https://d2lnr5mha7bycj.cloudfront.net/itemimage/image/primary_a7fbd10f-b041-4c7c-8e66-73f3b478eb67.jpg","frequently_not_found":null,"frequently_found":null,"often_out_of_stock":null,"special_instructions":null,"featured":false,"user_description":null,"unit_count":null,"bulky":false,"taxable":false,"is_alcoholic?":false,"impulse_buy":null,"wine_rating":null,"product_id":196523,"aisle_ids":[513],"department_ids":[82],"aisle_sort_order":95,"aisle_sort_orders":{"513":95},"dept_sort_order":390,"dept_sort_orders":{"82":390},"details":"","directions":null,"warnings":null,"ingredients":null,"organic":true,"kosher":false,"gluten_free":false,"low_fat":false,"fat_free":false,"sugar_free":false,"vegan":false,"vegetarian":false,"serving_size":null,"servings_per_container":null,"calories":null,"fat_calories":null,"fat":null,"saturated_fat":null,"trans_fat":null,"polyunsaturated_fat":null,"monounsaturated_fat":null,"cholesterol":null,"sodium":null,"potassium":null,"carbohydrate":null,"fiber":null,"sugars":null,"protein":null,"alcohol_by_volume":null},{"id":3841411,"available":true,"unlisted":false,"aisle_id":513,"sale_percent":null,"department_id":82,"brand_name":null,"name":"Fresh Fruits Organic Manilla Mango","display_name":"Organic Manilla Mango","price":2.0,"full_price":null,"sale_price":null,"price_per_unit":2.0,"loyalty_price":null,"loyalty_price_active":false,"size":"each","display_size":"each","product_type":"normal","unit":"each","par_weight":0.5,"related_item_ids":[],"visible":true,"warehouse_id":3,"primary_image_url":"https://d2lnr5mha7bycj.cloudfront.net/itemimage/image/primary_ff536be4-ac6b-425f-ad05-8701b2c4f774.jpg","large_image_url":"https://d2lnr5mha7bycj.cloudfront.net/itemimage/image/primary_ff536be4-ac6b-425f-ad05-8701b2c4f774.jpg","frequently_not_found":null,"frequently_found":null,"often_out_of_stock":null,"special_instructions":null,"featured":false,"user_description":null,"unit_count":1,"bulky":false,"taxable":false,"is_alcoholic?":false,"impulse_buy":null,"wine_rating":null,"product_id":213088,"aisle_ids":[513],"department_ids":[82],"aisle_sort_order":97,"aisle_sort_orders":{"513":97},"dept_sort_order":453,"dept_sort_orders":{"82":453},"details":"","directions":null,"warnings":null,"ingredients":null,"organic":true,"kosher":false,"gluten_free":false,"low_fat":false,"fat_free":false,"sugar_free":false,"vegan":false,"vegetarian":false,"serving_size":null,"servings_per_container":null,"calories":null,"fat_calories":null,"fat":null,"saturated_fat":null,"trans_fat":null,"polyunsaturated_fat":null,"monounsaturated_fat":null,"cholesterol":null,"sodium":null,"potassium":null,"carbohydrate":null,"fiber":null,"sugars":null,"protein":null,"alcohol_by_volume":null},{"id":12861085,"available":true,"unlisted":false,"aisle_id":513,"sale_percent":null,"department_id":82,"brand_name":null,"name":"Fresh Fruits Blueberries 1/2 Pint","display_name":"Blueberries 1/2 Pint","price":4.99,"full_price":null,"sale_price":null,"price_per_unit":4.99,"loyalty_price":null,"loyalty_price_active":false,"size":"each","display_size":"each","product_type":"normal","unit":"each","par_weight":null,"related_item_ids":[],"visible":true,"warehouse_id":3,"primary_image_url":"https://d2lnr5mha7bycj.cloudfront.net/itemimage/image/primary_73bcce67-cf3d-4fc3-bb55-cf7dc10ae41b.jpg","large_image_url":"https://d2lnr5mha7bycj.cloudfront.net/itemimage/image/primary_73bcce67-cf3d-4fc3-bb55-cf7dc10ae41b.jpg","frequently_not_found":null,"frequently_found":null,"often_out_of_stock":null,"special_instructions":null,"featured":false,"user_description":null,"unit_count":null,"bulky":false,"taxable":false,"is_alcoholic?":false,"impulse_buy":null,"wine_rating":null,"product_id":1623501,"aisle_ids":[513],"department_ids":[82],"aisle_sort_order":101,"aisle_sort_orders":{"513":101},"dept_sort_order":441,"dept_sort_orders":{"82":441},"details":"","directions":null,"warnings":null,"ingredients":null,"organic":false,"kosher":false,"gluten_free":false,"low_fat":false,"fat_free":false,"sugar_free":false,"vegan":false,"vegetarian":false,"serving_size":null,"servings_per_container":null,"calories":null,"fat_calories":null,"fat":null,"saturated_fat":null,"trans_fat":null,"polyunsaturated_fat":null,"monounsaturated_fat":null,"cholesterol":null,"sodium":null,"potassium":null,"carbohydrate":null,"fiber":null,"sugars":null,"protein":null,"alcohol_by_volume":null},{"id":4008108,"available":true,"unlisted":false,"aisle_id":513,"sale_percent":null,"department_id":82,"brand_name":null,"name":"Fresh Fruits Hydrangea Flowers","display_name":"Hydrangea Flowers","price":9.0,"full_price":null,"sale_price":null,"price_per_unit":9.0,"loyalty_price":null,"loyalty_price_active":false,"size":"1","display_size":"1","product_type":"normal","unit":"each","par_weight":null,"related_item_ids":[],"visible":true,"warehouse_id":3,"primary_image_url":"https://d2lnr5mha7bycj.cloudfront.net/itemimage/image/primary_739da93c-d2ce-4fb3-beea-020659732a8c.jpg","large_image_url":"https://d2lnr5mha7bycj.cloudfront.net/itemimage/image/primary_739da93c-d2ce-4fb3-beea-020659732a8c.jpg","frequently_not_found":null,"frequently_found":null,"often_out_of_stock":null,"special_instructions":null,"featured":false,"user_description":null,"unit_count":null,"bulky":false,"taxable":false,"is_alcoholic?":false,"impulse_buy":null,"wine_rating":null,"product_id":399499,"aisle_ids":[513],"department_ids":[82],"aisle_sort_order":102,"aisle_sort_orders":{"513":102},"dept_sort_order":416,"dept_sort_orders":{"82":416},"details":"","directions":null,"warnings":null,"ingredients":null,"organic":false,"kosher":false,"gluten_free":false,"low_fat":false,"fat_free":false,"sugar_free":false,"vegan":false,"vegetarian":false,"serving_size":null,"servings_per_container":null,"calories":null,"fat_calories":null,"fat":null,"saturated_fat":null,"trans_fat":null,"polyunsaturated_fat":null,"monounsaturated_fat":null,"cholesterol":null,"sodium":null,"potassium":null,"carbohydrate":null,"fiber":null,"sugars":null,"protein":null,"alcohol_by_volume":null},{"id":4040416,"available":true,"unlisted":false,"aisle_id":513,"sale_percent":null,"department_id":82,"brand_name":null,"name":"Fresh Fruits Seedless Small Watermelon","display_name":"Seedless Small Watermelon","price":5.99,"full_price":null,"sale_price":null,"price_per_unit":5.99,"loyalty_price":null,"loyalty_price_active":false,"size":"each","display_size":"each","product_type":"normal","unit":"each","par_weight":4.86,"related_item_ids":[],"visible":true,"warehouse_id":3,"primary_image_url":"https://d2lnr5mha7bycj.cloudfront.net/itemimage/image/primary_ab434b81-3bf3-423f-ba76-a6e62a9fe0fc.jpg","large_image_url":"https://d2lnr5mha7bycj.cloudfront.net/itemimage/image/primary_ab434b81-3bf3-423f-ba76-a6e62a9fe0fc.jpg","frequently_not_found":null,"frequently_found":null,"often_out_of_stock":null,"special_instructions":null,"featured":false,"user_description":null,"unit_count":null,"bulky":false,"taxable":false,"is_alcoholic?":false,"impulse_buy":null,"wine_rating":null,"product_id":31964,"aisle_ids":[513],"department_ids":[82],"aisle_sort_order":113,"aisle_sort_orders":{"513":113},"dept_sort_order":476,"dept_sort_orders":{"82":476},"details":"Fresh Seedless Watermelons EACH.","directions":null,"warnings":null,"ingredients":null,"organic":false,"kosher":false,"gluten_free":false,"low_fat":false,"fat_free":false,"sugar_free":false,"vegan":false,"vegetarian":false,"serving_size":null,"servings_per_container":null,"calories":null,"fat_calories":null,"fat":null,"saturated_fat":null,"trans_fat":null,"polyunsaturated_fat":null,"monounsaturated_fat":null,"cholesterol":null,"sodium":null,"potassium":null,"carbohydrate":null,"fiber":null,"sugars":null,"protein":null,"alcohol_by_volume":null},{"id":4142888,"available":true,"unlisted":false,"aisle_id":513,"sale_percent":null,"department_id":82,"brand_name":null,"name":"Fresh Fruits Granny Smith Apple","display_name":"Granny Smith Apple","price":0.78,"full_price":null,"sale_price":null,"price_per_unit":1.99,"loyalty_price":null,"loyalty_price_active":false,"size":"~ 0.39 lbs","display_size":"~ 0.39 lbs","product_type":"variable","unit":"each","par_weight":0.39,"related_item_ids":[],"visible":true,"warehouse_id":3,"primary_image_url":"https://d2lnr5mha7bycj.cloudfront.net/itemimage/image/primary_9416f1de-ce3e-429b-8b9f-0e1471142027.jpg","large_image_url":"https://d2lnr5mha7bycj.cloudfront.net/itemimage/image/large_9416f1de-ce3e-429b-8b9f-0e1471142027.jpg","frequently_not_found":null,"frequently_found":null,"often_out_of_stock":null,"special_instructions":null,"featured":false,"user_description":null,"unit_count":null,"bulky":false,"taxable":false,"is_alcoholic?":false,"impulse_buy":null,"wine_rating":null,"product_id":9163,"aisle_ids":[513],"department_ids":[82],"aisle_sort_order":114,"aisle_sort_orders":{"513":114},"dept_sort_order":491,"dept_sort_orders":{"82":491},"details":"","directions":null,"warnings":null,"ingredients":null,"organic":false,"kosher":false,"gluten_free":false,"low_fat":false,"fat_free":false,"sugar_free":false,"vegan":false,"vegetarian":false,"serving_size":null,"servings_per_container":null,"calories":null,"fat_calories":null,"fat":null,"saturated_fat":null,"trans_fat":null,"polyunsaturated_fat":null,"monounsaturated_fat":null,"cholesterol":null,"sodium":null,"potassium":null,"carbohydrate":null,"fiber":null,"sugars":null,"protein":null,"alcohol_by_volume":null},{"id":3972141,"available":true,"unlisted":false,"aisle_id":513,"sale_percent":null,"department_id":82,"brand_name":null,"name":"Fresh Fruits Organic Nectarine","display_name":"Organic Nectarine","price":1.8,"full_price":null,"sale_price":null,"price_per_unit":4.99,"loyalty_price":null,"loyalty_price_active":false,"size":"~ 0.36 lbs","display_size":"~ 0.36 lbs","product_type":"variable","unit":"each","par_weight":0.36,"related_item_ids":[],"visible":true,"warehouse_id":3,"primary_image_url":"https://d2lnr5mha7bycj.cloudfront.net/itemimage/image/primary_6d9d67e6-cb30-4563-8d9e-60b42d0dda14.jpeg","large_image_url":"https://d2lnr5mha7bycj.cloudfront.net/itemimage/image/primary_6d9d67e6-cb30-4563-8d9e-60b42d0dda14.jpeg","frequently_not_found":null,"frequently_found":null,"often_out_of_stock":null,"special_instructions":null,"featured":false,"user_description":null,"unit_count":null,"bulky":false,"taxable":false,"is_alcoholic?":false,"impulse_buy":null,"wine_rating":null,"product_id":275707,"aisle_ids":[513],"department_ids":[82],"aisle_sort_order":117,"aisle_sort_orders":{"513":117},"dept_sort_order":490,"dept_sort_orders":{"82":490},"details":"","directions":null,"warnings":null,"ingredients":null,"organic":true,"kosher":false,"gluten_free":false,"low_fat":false,"fat_free":false,"sugar_free":false,"vegan":false,"vegetarian":false,"serving_size":null,"servings_per_container":null,"calories":null,"fat_calories":null,"fat":null,"saturated_fat":null,"trans_fat":null,"polyunsaturated_fat":null,"monounsaturated_fat":null,"cholesterol":null,"sodium":null,"potassium":null,"carbohydrate":null,"fiber":null,"sugars":null,"protein":null,"alcohol_by_volume":null},{"id":4039521,"available":true,"unlisted":false,"aisle_id":513,"sale_percent":null,"department_id":82,"brand_name":null,"name":"Fresh Fruits Large Yellow Flesh Nectarine","display_name":"Large Yellow Flesh Nectarine","price":0.9,"full_price":null,"sale_price":null,"price_per_unit":2.99,"loyalty_price":null,"loyalty_price_active":false,"size":"~ 0.3 lbs","display_size":"~ 0.3 lbs","product_type":"variable","unit":"each","par_weight":0.3,"related_item_ids":[],"visible":true,"warehouse_id":3,"primary_image_url":"https://d2lnr5mha7bycj.cloudfront.net/itemimage/image/4225a95866fb19bada1f5bb7f571c617.jpg","large_image_url":"https://d2lnr5mha7bycj.cloudfront.net/itemimage/image/4225a95866fb19bada1f5bb7f571c617.jpg","frequently_not_found":null,"frequently_found":null,"often_out_of_stock":null,"special_instructions":null,"featured":false,"user_description":null,"unit_count":null,"bulky":false,"taxable":false,"is_alcoholic?":false,"impulse_buy":null,"wine_rating":null,"product_id":9188,"aisle_ids":[513],"department_ids":[82],"aisle_sort_order":118,"aisle_sort_orders":{"513":118},"dept_sort_order":526,"dept_sort_orders":{"82":526},"details":"","directions":null,"warnings":null,"ingredients":null,"organic":false,"kosher":false,"gluten_free":false,"low_fat":false,"fat_free":false,"sugar_free":false,"vegan":false,"vegetarian":false,"serving_size":null,"servings_per_container":null,"calories":null,"fat_calories":null,"fat":null,"saturated_fat":null,"trans_fat":null,"polyunsaturated_fat":null,"monounsaturated_fat":null,"cholesterol":null,"sodium":null,"potassium":null,"carbohydrate":null,"fiber":null,"sugars":null,"protein":null,"alcohol_by_volume":null},{"id":4178557,"available":true,"unlisted":false,"aisle_id":513,"sale_percent":null,"department_id":82,"brand_name":"Whole Foods Market","name":"Fresh Fruits Whole Foods Market Organic Medium Coconut","display_name":"Whole Foods Market Organic Medium Coconut","price":3.99,"full_price":null,"sale_price":null,"price_per_unit":3.99,"loyalty_price":null,"loyalty_price_active":false,"size":"9 oz","display_size":"9 oz","product_type":"normal","unit":"each","par_weight":null,"related_item_ids":[],"visible":true,"warehouse_id":3,"primary_image_url":"https://d2lnr5mha7bycj.cloudfront.net/itemimage/image/primary_a9a5dd0b-acfd-477f-bb99-1b26fd5ac366.jpg","large_image_url":"https://d2lnr5mha7bycj.cloudfront.net/itemimage/image/primary_a9a5dd0b-acfd-477f-bb99-1b26fd5ac366.jpg","frequently_not_found":null,"frequently_found":null,"often_out_of_stock":null,"special_instructions":null,"featured":false,"user_description":null,"unit_count":null,"bulky":false,"taxable":false,"is_alcoholic?":false,"impulse_buy":null,"wine_rating":null,"product_id":485016,"aisle_ids":[513],"department_ids":[82],"aisle_sort_order":131,"aisle_sort_orders":{"513":131},"dept_sort_order":508,"dept_sort_orders":{"82":508},"details":"","directions":null,"warnings":null,"ingredients":null,"organic":true,"kosher":false,"gluten_free":false,"low_fat":false,"fat_free":false,"sugar_free":false,"vegan":false,"vegetarian":false,"serving_size":null,"servings_per_container":null,"calories":null,"fat_calories":null,"fat":null,"saturated_fat":null,"trans_fat":null,"polyunsaturated_fat":null,"monounsaturated_fat":null,"cholesterol":null,"sodium":null,"potassium":null,"carbohydrate":null,"fiber":null,"sugars":null,"protein":null,"alcohol_by_volume":null},{"id":4189340,"available":true,"unlisted":false,"aisle_id":513,"sale_percent":null,"department_id":82,"brand_name":null,"name":"Fresh Fruits Case of Oranges","display_name":"Case of Oranges","price":16.99,"full_price":null,"sale_price":null,"price_per_unit":16.99,"loyalty_price":null,"loyalty_price_active":false,"size":"each","display_size":"each","product_type":"normal","unit":"each","par_weight":null,"related_item_ids":[],"visible":true,"warehouse_id":3,"primary_image_url":"https://d2lnr5mha7bycj.cloudfront.net/itemimage/image/primary_61f147a0-c80d-4820-befe-9fda8d51dbeb.jpg","large_image_url":"https://d2lnr5mha7bycj.cloudfront.net/itemimage/image/primary_61f147a0-c80d-4820-befe-9fda8d51dbeb.jpg","frequently_not_found":null,"frequently_found":null,"often_out_of_stock":null,"special_instructions":null,"featured":false,"user_description":null,"unit_count":null,"bulky":false,"taxable":false,"is_alcoholic?":false,"impulse_buy":null,"wine_rating":null,"product_id":495940,"aisle_ids":[513],"department_ids":[82],"aisle_sort_order":132,"aisle_sort_orders":{"513":132},"dept_sort_order":509,"dept_sort_orders":{"82":509},"details":"","directions":null,"warnings":null,"ingredients":null,"organic":false,"kosher":false,"gluten_free":false,"low_fat":false,"fat_free":false,"sugar_free":false,"vegan":false,"vegetarian":false,"serving_size":null,"servings_per_container":null,"calories":null,"fat_calories":null,"fat":null,"saturated_fat":null,"trans_fat":null,"polyunsaturated_fat":null,"monounsaturated_fat":null,"cholesterol":null,"sodium":null,"potassium":null,"carbohydrate":null,"fiber":null,"sugars":null,"protein":null,"alcohol_by_volume":null},{"id":4178249,"available":true,"unlisted":false,"aisle_id":513,"sale_percent":null,"department_id":82,"brand_name":null,"name":"Fresh Fruits Lemon","display_name":"Lemon","price":0.79,"full_price":null,"sale_price":null,"price_per_unit":0.79,"loyalty_price":null,"loyalty_price_active":false,"size":"per lb","display_size":"per lb","product_type":"looseweight","unit":"lb","par_weight":null,"related_item_ids":[],"visible":true,"warehouse_id":3,"primary_image_url":"https://d2lnr5mha7bycj.cloudfront.net/itemimage/image/primary_96d80a51-55c4-4e39-80b3-26f48a1952ae.jpeg","large_image_url":"https://d2lnr5mha7bycj.cloudfront.net/itemimage/image/primary_96d80a51-55c4-4e39-80b3-26f48a1952ae.jpeg","frequently_not_found":null,"frequently_found":null,"often_out_of_stock":null,"special_instructions":null,"featured":false,"user_description":null,"unit_count":null,"bulky":false,"taxable":false,"is_alcoholic?":false,"impulse_buy":null,"wine_rating":null,"product_id":32067,"aisle_ids":[513],"department_ids":[82],"aisle_sort_order":135,"aisle_sort_orders":{"513":135},"dept_sort_order":535,"dept_sort_orders":{"82":535},"details":"","directions":null,"warnings":null,"ingredients":null,"organic":false,"kosher":false,"gluten_free":false,"low_fat":false,"fat_free":false,"sugar_free":false,"vegan":false,"vegetarian":false,"serving_size":null,"servings_per_container":null,"calories":null,"fat_calories":null,"fat":null,"saturated_fat":null,"trans_fat":null,"polyunsaturated_fat":null,"monounsaturated_fat":null,"cholesterol":null,"sodium":null,"potassium":null,"carbohydrate":null,"fiber":null,"sugars":null,"protein":null,"alcohol_by_volume":null},{"id":12863243,"available":true,"unlisted":false,"aisle_id":513,"sale_percent":null,"department_id":82,"brand_name":"Produce","name":"Fresh Fruits Produce Fc Melon Watermelon Chunks Whole Trade Guarantee","display_name":"Produce Fc Melon Watermelon Chunks Whole Trade Guarantee","price":5.99,"full_price":null,"sale_price":null,"price_per_unit":5.99,"loyalty_price":null,"loyalty_price_active":false,"size":"20 oz","display_size":"20 oz","product_type":"normal","unit":"each","par_weight":null,"related_item_ids":[],"visible":true,"warehouse_id":3,"primary_image_url":"https://d2lnr5mha7bycj.cloudfront.net/itemimage/image/primary_f165bbfe-7339-4244-bcab-893636cb4f4a.jpg","large_image_url":"https://d2lnr5mha7bycj.cloudfront.net/itemimage/image/primary_f165bbfe-7339-4244-bcab-893636cb4f4a.jpg","frequently_not_found":null,"frequently_found":null,"often_out_of_stock":null,"special_instructions":null,"featured":false,"user_description":null,"unit_count":null,"bulky":false,"taxable":false,"is_alcoholic?":false,"impulse_buy":null,"wine_rating":null,"product_id":2588192,"aisle_ids":[513],"department_ids":[82],"aisle_sort_order":135,"aisle_sort_orders":{"513":135},"dept_sort_order":514,"dept_sort_orders":{"82":514},"details":"","directions":null,"warnings":null,"ingredients":null,"organic":false,"kosher":false,"gluten_free":false,"low_fat":false,"fat_free":false,"sugar_free":false,"vegan":false,"vegetarian":false,"serving_size":null,"servings_per_container":null,"calories":null,"fat_calories":null,"fat":null,"saturated_fat":null,"trans_fat":null,"polyunsaturated_fat":null,"monounsaturated_fat":null,"cholesterol":null,"sodium":null,"potassium":null,"carbohydrate":null,"fiber":null,"sugars":null,"protein":null,"alcohol_by_volume":null},{"id":4142744,"available":true,"unlisted":false,"aisle_id":513,"sale_percent":null,"department_id":82,"brand_name":null,"name":"Fresh Fruits Pixie Tangerine","display_name":"Pixie Tangerine","price":2.99,"full_price":null,"sale_price":null,"price_per_unit":2.99,"loyalty_price":null,"loyalty_price_active":false,"size":"per lb","display_size":"per lb","product_type":"looseweight","unit":"lb","par_weight":null,"related_item_ids":[],"visible":true,"warehouse_id":3,"primary_image_url":"https://d2lnr5mha7bycj.cloudfront.net/itemimage/image/primary_b468d103-0117-40c5-a5d1-346576ef1a2d.png","large_image_url":"https://d2lnr5mha7bycj.cloudfront.net/itemimage/image/primary_b468d103-0117-40c5-a5d1-346576ef1a2d.png","frequently_not_found":null,"frequently_found":null,"often_out_of_stock":null,"special_instructions":null,"featured":false,"user_description":null,"unit_count":null,"bulky":false,"taxable":false,"is_alcoholic?":false,"impulse_buy":null,"wine_rating":null,"product_id":478816,"aisle_ids":[513],"department_ids":[82],"aisle_sort_order":137,"aisle_sort_orders":{"513":137},"dept_sort_order":521,"dept_sort_orders":{"82":521},"details":"","directions":null,"warnings":null,"ingredients":null,"organic":false,"kosher":false,"gluten_free":false,"low_fat":false,"fat_free":false,"sugar_free":false,"vegan":false,"vegetarian":false,"serving_size":null,"servings_per_container":null,"calories":null,"fat_calories":null,"fat":null,"saturated_fat":null,"trans_fat":null,"polyunsaturated_fat":null,"monounsaturated_fat":null,"cholesterol":null,"sodium":null,"potassium":null,"carbohydrate":null,"fiber":null,"sugars":null,"protein":null,"alcohol_by_volume":null},{"id":4143990,"available":true,"unlisted":false,"aisle_id":513,"sale_percent":null,"department_id":82,"brand_name":null,"name":"Fresh Fruits Small White Peaches","display_name":"Small White Peaches","price":3.99,"full_price":null,"sale_price":null,"price_per_unit":3.99,"loyalty_price":null,"loyalty_price_active":false,"size":"per lb","display_size":"per lb","product_type":"looseweight","unit":"lb","par_weight":null,"related_item_ids":[],"visible":true,"warehouse_id":3,"primary_image_url":"https://d2lnr5mha7bycj.cloudfront.net/itemimage/image/primary_fe24fca8-84b2-4fbc-999c-4f66b1a12cc9.jpg","large_image_url":"https://d2lnr5mha7bycj.cloudfront.net/itemimage/image/primary_fe24fca8-84b2-4fbc-999c-4f66b1a12cc9.jpg","frequently_not_found":null,"frequently_found":null,"often_out_of_stock":null,"special_instructions":null,"featured":false,"user_description":null,"unit_count":null,"bulky":false,"taxable":false,"is_alcoholic?":false,"impulse_buy":null,"wine_rating":null,"product_id":479491,"aisle_ids":[513],"department_ids":[82],"aisle_sort_order":143,"aisle_sort_orders":{"513":143},"dept_sort_order":538,"dept_sort_orders":{"82":538},"details":"","directions":null,"warnings":null,"ingredients":null,"organic":false,"kosher":false,"gluten_free":false,"low_fat":false,"fat_free":false,"sugar_free":false,"vegan":false,"vegetarian":false,"serving_size":null,"servings_per_container":null,"calories":null,"fat_calories":null,"fat":null,"saturated_fat":null,"trans_fat":null,"polyunsaturated_fat":null,"monounsaturated_fat":null,"cholesterol":null,"sodium":null,"potassium":null,"carbohydrate":null,"fiber":null,"sugars":null,"protein":null,"alcohol_by_volume":null},{"id":4142531,"available":true,"unlisted":false,"aisle_id":513,"sale_percent":null,"department_id":82,"brand_name":null,"name":"Fresh Fruits White Nectarine","display_name":"White Nectarine","price":0.84,"full_price":null,"sale_price":null,"price_per_unit":2.99,"loyalty_price":null,"loyalty_price_active":false,"size":"~ 0.28 lbs","display_size":"~ 0.28 lbs","product_type":"variable","unit":"each","par_weight":0.28,"related_item_ids":[],"visible":true,"warehouse_id":3,"primary_image_url":"https://d2lnr5mha7bycj.cloudfront.net/itemimage/image/81c936e1fd9a916a9e052cb8dc72e60f.jpg","large_image_url":"https://d2lnr5mha7bycj.cloudfront.net/itemimage/image/81c936e1fd9a916a9e052cb8dc72e60f.jpg","frequently_not_found":null,"frequently_found":null,"often_out_of_stock":null,"special_instructions":null,"featured":false,"user_description":null,"unit_count":null,"bulky":false,"taxable":false,"is_alcoholic?":false,"impulse_buy":null,"wine_rating":null,"product_id":9189,"aisle_ids":[513],"department_ids":[82],"aisle_sort_order":152,"aisle_sort_orders":{"513":152},"dept_sort_order":573,"dept_sort_orders":{"82":573},"details":"","directions":null,"warnings":null,"ingredients":null,"organic":false,"kosher":false,"gluten_free":false,"low_fat":false,"fat_free":false,"sugar_free":false,"vegan":false,"vegetarian":false,"serving_size":null,"servings_per_container":null,"calories":null,"fat_calories":null,"fat":null,"saturated_fat":null,"trans_fat":null,"polyunsaturated_fat":null,"monounsaturated_fat":null,"cholesterol":null,"sodium":null,"potassium":null,"carbohydrate":null,"fiber":null,"sugars":null,"protein":null,"alcohol_by_volume":null},{"id":4034153,"available":true,"unlisted":false,"aisle_id":513,"sale_percent":null,"department_id":82,"brand_name":null,"name":"Fresh Fruits Mango","display_name":"Mango","price":2.0,"full_price":null,"sale_price":null,"price_per_unit":2.0,"loyalty_price":null,"loyalty_price_active":false,"size":"each","display_size":"each","product_type":"normal","unit":"each","par_weight":1.0,"related_item_ids":[],"visible":true,"warehouse_id":3,"primary_image_url":"https://d2lnr5mha7bycj.cloudfront.net/itemimage/image/8b61eecdb98897aa19e52f45226319de.jpg","large_image_url":"https://d2lnr5mha7bycj.cloudfront.net/itemimage/image/8b61eecdb98897aa19e52f45226319de.jpg","frequently_not_found":null,"frequently_found":null,"often_out_of_stock":null,"special_instructions":null,"featured":false,"user_description":null,"unit_count":null,"bulky":false,"taxable":false,"is_alcoholic?":false,"impulse_buy":null,"wine_rating":null,"product_id":43406,"aisle_ids":[513],"department_ids":[82],"aisle_sort_order":154,"aisle_sort_orders":{"513":154},"dept_sort_order":572,"dept_sort_orders":{"82":572},"details":"","directions":null,"warnings":null,"ingredients":null,"organic":false,"kosher":false,"gluten_free":false,"low_fat":false,"fat_free":false,"sugar_free":false,"vegan":false,"vegetarian":false,"serving_size":null,"servings_per_container":null,"calories":null,"fat_calories":null,"fat":null,"saturated_fat":null,"trans_fat":null,"polyunsaturated_fat":null,"monounsaturated_fat":null,"cholesterol":null,"sodium":null,"potassium":null,"carbohydrate":null,"fiber":null,"sugars":null,"protein":null,"alcohol_by_volume":null},{"id":4179943,"available":true,"unlisted":false,"aisle_id":513,"sale_percent":null,"department_id":82,"brand_name":null,"name":"Fresh Fruits Organic Large White Flesh Nectarine","display_name":"Organic Large White Flesh Nectarine","price":1.6,"full_price":null,"sale_price":null,"price_per_unit":4.99,"loyalty_price":null,"loyalty_price_active":false,"size":"~ 0.32 lbs","display_size":"~ 0.32 lbs","product_type":"variable","unit":"each","par_weight":0.32,"related_item_ids":[],"visible":true,"warehouse_id":3,"primary_image_url":"https://d2lnr5mha7bycj.cloudfront.net/itemimage/image/primary_e9a02bd4-32fe-4252-8e03-7f85dd983185.jpg","large_image_url":"https://d2lnr5mha7bycj.cloudfront.net/itemimage/image/primary_e9a02bd4-32fe-4252-8e03-7f85dd983185.jpg","frequently_not_found":null,"frequently_found":null,"often_out_of_stock":null,"special_instructions":null,"featured":false,"user_description":null,"unit_count":null,"bulky":false,"taxable":false,"is_alcoholic?":false,"impulse_buy":null,"wine_rating":null,"product_id":44950,"aisle_ids":[513],"department_ids":[82],"aisle_sort_order":157,"aisle_sort_orders":{"513":157},"dept_sort_order":581,"dept_sort_orders":{"82":581},"details":"","directions":null,"warnings":null,"ingredients":null,"organic":true,"kosher":false,"gluten_free":false,"low_fat":false,"fat_free":false,"sugar_free":false,"vegan":false,"vegetarian":false,"serving_size":null,"servings_per_container":null,"calories":null,"fat_calories":null,"fat":null,"saturated_fat":null,"trans_fat":null,"polyunsaturated_fat":null,"monounsaturated_fat":null,"cholesterol":null,"sodium":null,"potassium":null,"carbohydrate":null,"fiber":null,"sugars":null,"protein":null,"alcohol_by_volume":null},{"id":3984511,"available":true,"unlisted":false,"aisle_id":513,"sale_percent":null,"department_id":82,"brand_name":null,"name":"Fresh Fruits Organic Mini Seedless Watermelon","display_name":"Organic Mini Seedless Watermelon","price":19.95,"full_price":null,"sale_price":null,"price_per_unit":3.99,"loyalty_price":null,"loyalty_price_active":false,"size":"~ 5 lbs","display_size":"~ 5 lbs","product_type":"variable","unit":"each","par_weight":5.0,"related_item_ids":[],"visible":true,"warehouse_id":3,"primary_image_url":"https://d2lnr5mha7bycj.cloudfront.net/itemimage/image/primary_352afe07-9a09-4c2d-94c5-879024c01334.jpg","large_image_url":"https://d2lnr5mha7bycj.cloudfront.net/itemimage/image/large_352afe07-9a09-4c2d-94c5-879024c01334.jpg","frequently_not_found":null,"frequently_found":null,"often_out_of_stock":null,"special_instructions":null,"featured":false,"user_description":null,"unit_count":null,"bulky":false,"taxable":false,"is_alcoholic?":false,"impulse_buy":null,"wine_rating":null,"product_id":84908,"aisle_ids":[513],"department_ids":[82],"aisle_sort_order":169,"aisle_sort_orders":{"513":169},"dept_sort_order":620,"dept_sort_orders":{"82":620},"details":"","directions":null,"warnings":null,"ingredients":null,"organic":true,"kosher":false,"gluten_free":false,"low_fat":false,"fat_free":false,"sugar_free":false,"vegan":false,"vegetarian":false,"serving_size":null,"servings_per_container":null,"calories":null,"fat_calories":null,"fat":null,"saturated_fat":null,"trans_fat":null,"polyunsaturated_fat":null,"monounsaturated_fat":null,"cholesterol":null,"sodium":null,"potassium":null,"carbohydrate":null,"fiber":null,"sugars":null,"protein":null,"alcohol_by_volume":null},{"id":4012040,"available":true,"unlisted":false,"aisle_id":513,"sale_percent":null,"department_id":82,"brand_name":null,"name":"Fresh Fruits Black Plum","display_name":"Black Plum","price":1.24,"full_price":null,"sale_price":null,"price_per_unit":3.99,"loyalty_price":null,"loyalty_price_active":false,"size":"~ 0.31 lbs","display_size":"~ 0.31 lbs","product_type":"variable","unit":"each","par_weight":0.31,"related_item_ids":[],"visible":true,"warehouse_id":3,"primary_image_url":"https://d2lnr5mha7bycj.cloudfront.net/itemimage/image/b43ded99f83a492ce5f0dc59cd6cf8a0.jpg","large_image_url":"https://d2lnr5mha7bycj.cloudfront.net/itemimage/image/b43ded99f83a492ce5f0dc59cd6cf8a0.jpg","frequently_not_found":null,"frequently_found":null,"often_out_of_stock":null,"special_instructions":null,"featured":false,"user_description":null,"unit_count":null,"bulky":false,"taxable":false,"is_alcoholic?":false,"impulse_buy":null,"wine_rating":null,"product_id":43210,"aisle_ids":[513],"department_ids":[82],"aisle_sort_order":172,"aisle_sort_orders":{"513":172},"dept_sort_order":617,"dept_sort_orders":{"82":617},"details":"","directions":null,"warnings":null,"ingredients":null,"organic":false,"kosher":false,"gluten_free":false,"low_fat":false,"fat_free":false,"sugar_free":false,"vegan":false,"vegetarian":false,"serving_size":null,"servings_per_container":null,"calories":null,"fat_calories":null,"fat":null,"saturated_fat":null,"trans_fat":null,"polyunsaturated_fat":null,"monounsaturated_fat":null,"cholesterol":null,"sodium":null,"potassium":null,"carbohydrate":null,"fiber":null,"sugars":null,"protein":null,"alcohol_by_volume":null},{"id":4038188,"available":true,"unlisted":false,"aisle_id":513,"sale_percent":null,"department_id":82,"brand_name":null,"name":"Fresh Fruits Yellow Peach","display_name":"Yellow Peach","price":1.02,"full_price":null,"sale_price":null,"price_per_unit":2.99,"loyalty_price":null,"loyalty_price_active":false,"size":"~ 0.34 lbs","display_size":"~ 0.34 lbs","product_type":"variable","unit":"each","par_weight":0.34,"related_item_ids":[],"visible":true,"warehouse_id":3,"primary_image_url":"https://d2lnr5mha7bycj.cloudfront.net/itemimage/image/aaa020b79de099514711a06ff129dbbc.jpg","large_image_url":"https://d2lnr5mha7bycj.cloudfront.net/itemimage/image/aaa020b79de099514711a06ff129dbbc.jpg","frequently_not_found":null,"frequently_found":null,"often_out_of_stock":null,"special_instructions":null,"featured":false,"user_description":null,"unit_count":null,"bulky":false,"taxable":false,"is_alcoholic?":false,"impulse_buy":null,"wine_rating":null,"product_id":43278,"aisle_ids":[513,22670],"department_ids":[82,2839],"aisle_sort_order":174,"aisle_sort_orders":{"513":174,"22670":10000},"dept_sort_order":655,"dept_sort_orders":{"82":655,"2839":10000},"details":"","directions":null,"warnings":null,"ingredients":null,"organic":false,"kosher":false,"gluten_free":false,"low_fat":false,"fat_free":false,"sugar_free":false,"vegan":false,"vegetarian":false,"serving_size":null,"servings_per_container":null,"calories":null,"fat_calories":null,"fat":null,"saturated_fat":null,"trans_fat":null,"polyunsaturated_fat":null,"monounsaturated_fat":null,"cholesterol":null,"sodium":null,"potassium":null,"carbohydrate":null,"fiber":null,"sugars":null,"protein":null,"alcohol_by_volume":null},{"id":3846076,"available":true,"unlisted":false,"aisle_id":513,"sale_percent":null,"department_id":82,"brand_name":null,"name":"Fresh Fruits Rainer Cherries Organic","display_name":"Rainer Cherries Organic","price":7.99,"full_price":null,"sale_price":null,"price_per_unit":7.99,"loyalty_price":null,"loyalty_price_active":false,"size":"per lb","display_size":"per lb","product_type":"looseweight","unit":"lb","par_weight":null,"related_item_ids":[],"visible":true,"warehouse_id":3,"primary_image_url":"https://d2lnr5mha7bycj.cloudfront.net/itemimage/image/primary_0309dc18-9c9a-436d-aa29-86a9a4e97709.jpg","large_image_url":"https://d2lnr5mha7bycj.cloudfront.net/itemimage/image/primary_0309dc18-9c9a-436d-aa29-86a9a4e97709.jpg","frequently_not_found":null,"frequently_found":null,"often_out_of_stock":null,"special_instructions":null,"featured":false,"user_description":null,"unit_count":null,"bulky":false,"taxable":false,"is_alcoholic?":false,"impulse_buy":null,"wine_rating":null,"product_id":216270,"aisle_ids":[513],"department_ids":[82],"aisle_sort_order":179,"aisle_sort_orders":{"513":179},"dept_sort_order":643,"dept_sort_orders":{"82":643},"details":"","directions":null,"warnings":null,"ingredients":null,"organic":true,"kosher":false,"gluten_free":false,"low_fat":false,"fat_free":false,"sugar_free":false,"vegan":false,"vegetarian":false,"serving_size":null,"servings_per_container":null,"calories":null,"fat_calories":null,"fat":null,"saturated_fat":null,"trans_fat":null,"polyunsaturated_fat":null,"monounsaturated_fat":null,"cholesterol":null,"sodium":null,"potassium":null,"carbohydrate":null,"fiber":null,"sugars":null,"protein":null,"alcohol_by_volume":null},{"id":4144256,"available":true,"unlisted":false,"aisle_id":513,"sale_percent":null,"department_id":82,"brand_name":null,"name":"Fresh Fruits Ataulfo Mango","display_name":"Ataulfo Mango","price":1.25,"full_price":null,"sale_price":null,"price_per_unit":1.25,"loyalty_price":null,"loyalty_price_active":false,"size":"each","display_size":"each","product_type":"normal","unit":"each","par_weight":0.75,"related_item_ids":[],"visible":true,"warehouse_id":3,"primary_image_url":"https://d2lnr5mha7bycj.cloudfront.net/itemimage/image/primary_7c4e05c6-9e30-49f0-86a1-b52f783b0d27.jpg","large_image_url":"https://d2lnr5mha7bycj.cloudfront.net/itemimage/image/primary_7c4e05c6-9e30-49f0-86a1-b52f783b0d27.jpg","frequently_not_found":null,"frequently_found":null,"often_out_of_stock":null,"special_instructions":null,"featured":false,"user_description":null,"unit_count":null,"bulky":false,"taxable":false,"is_alcoholic?":false,"impulse_buy":null,"wine_rating":null,"product_id":9206,"aisle_ids":[513],"department_ids":[82],"aisle_sort_order":181,"aisle_sort_orders":{"513":181},"dept_sort_order":655,"dept_sort_orders":{"82":655},"details":"","directions":null,"warnings":null,"ingredients":null,"organic":false,"kosher":false,"gluten_free":false,"low_fat":false,"fat_free":false,"sugar_free":false,"vegan":false,"vegetarian":false,"serving_size":null,"servings_per_container":null,"calories":null,"fat_calories":null,"fat":null,"saturated_fat":null,"trans_fat":null,"polyunsaturated_fat":null,"monounsaturated_fat":null,"cholesterol":null,"sodium":null,"potassium":null,"carbohydrate":null,"fiber":null,"sugars":null,"protein":null,"alcohol_by_volume":null},{"id":3880023,"available":true,"unlisted":false,"aisle_id":513,"sale_percent":null,"department_id":82,"brand_name":null,"name":"Fresh Fruits Cripps Pink Apple","display_name":"Cripps Pink Apple","price":1.05,"full_price":null,"sale_price":null,"price_per_unit":2.69,"loyalty_price":null,"loyalty_price_active":false,"size":"~ 0.39 lbs","display_size":"~ 0.39 lbs","product_type":"variable","unit":"each","par_weight":0.39,"related_item_ids":[],"visible":true,"warehouse_id":3,"primary_image_url":"https://d2lnr5mha7bycj.cloudfront.net/itemimage/image/primary_34e8dc17-251c-4b6d-bb56-0b8a5fbb5d79.jpg","large_image_url":"https://d2lnr5mha7bycj.cloudfront.net/itemimage/image/primary_34e8dc17-251c-4b6d-bb56-0b8a5fbb5d79.jpg","frequently_not_found":null,"frequently_found":null,"often_out_of_stock":null,"special_instructions":null,"featured":false,"user_description":null,"unit_count":null,"bulky":false,"taxable":false,"is_alcoholic?":false,"impulse_buy":null,"wine_rating":null,"product_id":58762,"aisle_ids":[513],"department_ids":[82],"aisle_sort_order":182,"aisle_sort_orders":{"513":182},"dept_sort_order":649,"dept_sort_orders":{"82":649},"details":"","directions":null,"warnings":null,"ingredients":null,"organic":false,"kosher":false,"gluten_free":false,"low_fat":false,"fat_free":false,"sugar_free":false,"vegan":false,"vegetarian":false,"serving_size":null,"servings_per_container":null,"calories":null,"fat_calories":null,"fat":null,"saturated_fat":null,"trans_fat":null,"polyunsaturated_fat":null,"monounsaturated_fat":null,"cholesterol":null,"sodium":null,"potassium":null,"carbohydrate":null,"fiber":null,"sugars":null,"protein":null,"alcohol_by_volume":null},{"id":3841506,"available":true,"unlisted":false,"aisle_id":513,"sale_percent":null,"department_id":82,"brand_name":null,"name":"Fresh Fruits Bag of Organic Valencia Juice Oranges","display_name":"Bag of Organic Valencia Juice Oranges","price":4.99,"full_price":null,"sale_price":null,"price_per_unit":4.99,"loyalty_price":null,"loyalty_price_active":false,"size":"4 lb","display_size":"4 lb","product_type":"normal","unit":"each","par_weight":null,"related_item_ids":[],"visible":true,"warehouse_id":3,"primary_image_url":"https://d2lnr5mha7bycj.cloudfront.net/itemimage/image/primary_e8bec28c-1e3e-4d37-b8c8-443d210f830a.jpg","large_image_url":"https://d2lnr5mha7bycj.cloudfront.net/itemimage/image/large_e8bec28c-1e3e-4d37-b8c8-443d210f830a.jpg","frequently_not_found":null,"frequently_found":null,"often_out_of_stock":null,"special_instructions":null,"featured":false,"user_description":null,"unit_count":null,"bulky":false,"taxable":false,"is_alcoholic?":false,"impulse_buy":null,"wine_rating":null,"product_id":123215,"aisle_ids":[513],"department_ids":[82],"aisle_sort_order":192,"aisle_sort_orders":{"513":192},"dept_sort_order":680,"dept_sort_orders":{"82":680},"details":"","directions":null,"warnings":null,"ingredients":null,"organic":true,"kosher":false,"gluten_free":false,"low_fat":false,"fat_free":false,"sugar_free":false,"vegan":false,"vegetarian":false,"serving_size":null,"servings_per_container":null,"calories":null,"fat_calories":null,"fat":null,"saturated_fat":null,"trans_fat":null,"polyunsaturated_fat":null,"monounsaturated_fat":null,"cholesterol":null,"sodium":null,"potassium":null,"carbohydrate":null,"fiber":null,"sugars":null,"protein":null,"alcohol_by_volume":null},{"id":11829878,"available":true,"unlisted":false,"aisle_id":513,"sale_percent":null,"department_id":82,"brand_name":null,"name":"Fresh Fruits Blueberries","display_name":"Blueberries","price":2.5,"full_price":null,"sale_price":null,"price_per_unit":2.5,"loyalty_price":null,"loyalty_price_active":false,"size":"6 oz","display_size":"6 oz","product_type":"normal","unit":"each","par_weight":null,"related_item_ids":[],"visible":true,"warehouse_id":3,"primary_image_url":"https://d2lnr5mha7bycj.cloudfront.net/itemimage/image/primary_f575fc40-f67d-4b40-97e3-79ced3aca808.jpg","large_image_url":"https://d2lnr5mha7bycj.cloudfront.net/itemimage/image/primary_f575fc40-f67d-4b40-97e3-79ced3aca808.jpg","frequently_not_found":null,"frequently_found":null,"often_out_of_stock":null,"special_instructions":null,"featured":false,"user_description":null,"unit_count":null,"bulky":false,"taxable":false,"is_alcoholic?":false,"impulse_buy":null,"wine_rating":null,"product_id":340531,"aisle_ids":[513],"department_ids":[82],"aisle_sort_order":193,"aisle_sort_orders":{"513":193},"dept_sort_order":666,"dept_sort_orders":{"82":666},"details":"","directions":null,"warnings":null,"ingredients":null,"organic":false,"kosher":false,"gluten_free":false,"low_fat":false,"fat_free":false,"sugar_free":false,"vegan":false,"vegetarian":false,"serving_size":null,"servings_per_container":null,"calories":null,"fat_calories":null,"fat":null,"saturated_fat":null,"trans_fat":null,"polyunsaturated_fat":null,"monounsaturated_fat":null,"cholesterol":null,"sodium":null,"potassium":null,"carbohydrate":null,"fiber":null,"sugars":null,"protein":null,"alcohol_by_volume":null},{"id":3824362,"available":true,"unlisted":false,"aisle_id":513,"sale_percent":null,"department_id":82,"brand_name":null,"name":"Fresh Fruits Organic Plum","display_name":"Organic Plum","price":0.84,"full_price":null,"sale_price":null,"price_per_unit":3.99,"loyalty_price":null,"loyalty_price_active":false,"size":"~ 0.21 lbs","display_size":"~ 0.21 lbs","product_type":"variable","unit":"each","par_weight":0.21,"related_item_ids":[],"visible":true,"warehouse_id":3,"primary_image_url":"https://d2lnr5mha7bycj.cloudfront.net/itemimage/image/primary_6d883360-a42f-4a77-ab5f-a78ed84d00a2.jpg","large_image_url":"https://d2lnr5mha7bycj.cloudfront.net/itemimage/image/primary_6d883360-a42f-4a77-ab5f-a78ed84d00a2.jpg","frequently_not_found":null,"frequently_found":null,"often_out_of_stock":null,"special_instructions":null,"featured":false,"user_description":null,"unit_count":null,"bulky":false,"taxable":false,"is_alcoholic?":false,"impulse_buy":null,"wine_rating":null,"product_id":46592,"aisle_ids":[513],"department_ids":[82],"aisle_sort_order":195,"aisle_sort_orders":{"513":195},"dept_sort_order":685,"dept_sort_orders":{"82":685},"details":"","directions":null,"warnings":null,"ingredients":null,"organic":true,"kosher":false,"gluten_free":false,"low_fat":false,"fat_free":false,"sugar_free":false,"vegan":false,"vegetarian":false,"serving_size":null,"servings_per_container":null,"calories":null,"fat_calories":null,"fat":null,"saturated_fat":null,"trans_fat":null,"polyunsaturated_fat":null,"monounsaturated_fat":null,"cholesterol":null,"sodium":null,"potassium":null,"carbohydrate":null,"fiber":null,"sugars":null,"protein":null,"alcohol_by_volume":null},{"id":3874491,"available":true,"unlisted":false,"aisle_id":513,"sale_percent":null,"department_id":82,"brand_name":null,"name":"Fresh Fruits Organic Whole Trade Cantaloupe","display_name":"Organic Whole Trade Cantaloupe","price":3.99,"full_price":null,"sale_price":null,"price_per_unit":3.99,"loyalty_price":null,"loyalty_price_active":false,"size":"each","display_size":"each","product_type":"normal","unit":"each","par_weight":null,"related_item_ids":[],"visible":true,"warehouse_id":3,"primary_image_url":"https://d2lnr5mha7bycj.cloudfront.net/itemimage/image/primary_514c0efe-4f66-4957-9118-5569263c51bf.jpg","large_image_url":"https://d2lnr5mha7bycj.cloudfront.net/itemimage/image/primary_514c0efe-4f66-4957-9118-5569263c51bf.jpg","frequently_not_found":null,"frequently_found":null,"often_out_of_stock":null,"special_instructions":null,"featured":false,"user_description":null,"unit_count":null,"bulky":false,"taxable":false,"is_alcoholic?":false,"impulse_buy":null,"wine_rating":null,"product_id":381005,"aisle_ids":[513],"department_ids":[82],"aisle_sort_order":196,"aisle_sort_orders":{"513":196},"dept_sort_order":665,"dept_sort_orders":{"82":665},"details":"","directions":null,"warnings":null,"ingredients":null,"organic":true,"kosher":false,"gluten_free":false,"low_fat":false,"fat_free":false,"sugar_free":false,"vegan":false,"vegetarian":false,"serving_size":null,"servings_per_container":null,"calories":null,"fat_calories":null,"fat":null,"saturated_fat":null,"trans_fat":null,"polyunsaturated_fat":null,"monounsaturated_fat":null,"cholesterol":null,"sodium":null,"potassium":null,"carbohydrate":null,"fiber":null,"sugars":null,"protein":null,"alcohol_by_volume":null},{"id":3998406,"available":true,"unlisted":false,"aisle_id":513,"sale_percent":null,"department_id":82,"brand_name":null,"name":"Fresh Fruits Extra Large Coachella Red Grapefruit","display_name":"Extra Large Coachella Red Grapefruit","price":1.08,"full_price":null,"sale_price":null,"price_per_unit":1.29,"loyalty_price":null,"loyalty_price_active":false,"size":"~ 0.84 lbs","display_size":"~ 0.84 lbs","product_type":"variable","unit":"each","par_weight":0.84,"related_item_ids":[],"visible":true,"warehouse_id":3,"primary_image_url":"https://d2lnr5mha7bycj.cloudfront.net/itemimage/image/primary_0cd96b2a-fdbb-4428-8d37-2d3a4b78f475.jpg","large_image_url":"https://d2lnr5mha7bycj.cloudfront.net/itemimage/image/large_0cd96b2a-fdbb-4428-8d37-2d3a4b78f475.jpg","frequently_not_found":null,"frequently_found":null,"often_out_of_stock":null,"special_instructions":null,"featured":false,"user_description":null,"unit_count":null,"bulky":false,"taxable":false,"is_alcoholic?":false,"impulse_buy":null,"wine_rating":null,"product_id":153400,"aisle_ids":[513],"department_ids":[82],"aisle_sort_order":197,"aisle_sort_orders":{"513":197},"dept_sort_order":687,"dept_sort_orders":{"82":687},"details":"","directions":null,"warnings":null,"ingredients":null,"organic":false,"kosher":false,"gluten_free":false,"low_fat":false,"fat_free":false,"sugar_free":false,"vegan":false,"vegetarian":false,"serving_size":null,"servings_per_container":null,"calories":null,"fat_calories":null,"fat":null,"saturated_fat":null,"trans_fat":null,"polyunsaturated_fat":null,"monounsaturated_fat":null,"cholesterol":null,"sodium":null,"potassium":null,"carbohydrate":null,"fiber":null,"sugars":null,"protein":null,"alcohol_by_volume":null},{"id":3981486,"available":true,"unlisted":false,"aisle_id":513,"sale_percent":null,"department_id":82,"brand_name":null,"name":"Fresh Fruits Black Summer Plum","display_name":"Black Summer Plum","price":0.65,"full_price":null,"sale_price":null,"price_per_unit":2.69,"loyalty_price":null,"loyalty_price_active":false,"size":"~ 0.24 lbs","display_size":"~ 0.24 lbs","product_type":"variable","unit":"each","par_weight":0.24,"related_item_ids":[],"visible":true,"warehouse_id":3,"primary_image_url":"https://d2lnr5mha7bycj.cloudfront.net/itemimage/image/primary_ff4b597b-5218-48ed-97af-db98d5047011.jpg","large_image_url":"https://d2lnr5mha7bycj.cloudfront.net/itemimage/image/primary_ff4b597b-5218-48ed-97af-db98d5047011.jpg","frequently_not_found":null,"frequently_found":null,"often_out_of_stock":null,"special_instructions":null,"featured":false,"user_description":null,"unit_count":null,"bulky":false,"taxable":false,"is_alcoholic?":false,"impulse_buy":null,"wine_rating":null,"product_id":304413,"aisle_ids":[513],"department_ids":[82],"aisle_sort_order":199,"aisle_sort_orders":{"513":199},"dept_sort_order":691,"dept_sort_orders":{"82":691},"details":"","directions":null,"warnings":null,"ingredients":null,"organic":false,"kosher":false,"gluten_free":false,"low_fat":false,"fat_free":false,"sugar_free":false,"vegan":false,"vegetarian":false,"serving_size":null,"servings_per_container":null,"calories":null,"fat_calories":null,"fat":null,"saturated_fat":null,"trans_fat":null,"polyunsaturated_fat":null,"monounsaturated_fat":null,"cholesterol":null,"sodium":null,"potassium":null,"carbohydrate":null,"fiber":null,"sugars":null,"protein":null,"alcohol_by_volume":null},{"id":4201263,"available":true,"unlisted":false,"aisle_id":513,"sale_percent":null,"department_id":82,"brand_name":null,"name":"Fresh Fruits Large Lemon","display_name":"Large Lemon","price":0.23,"full_price":null,"sale_price":null,"price_per_unit":0.79,"loyalty_price":null,"loyalty_price_active":false,"size":"~ 0.29 lbs","display_size":"~ 0.29 lbs","product_type":"variable","unit":"each","par_weight":0.29,"related_item_ids":[],"visible":true,"warehouse_id":3,"primary_image_url":"https://d2lnr5mha7bycj.cloudfront.net/itemimage/image/primary_6d1c022d-ed4b-4c7c-a8ba-6ece51185e49.jpg","large_image_url":"https://d2lnr5mha7bycj.cloudfront.net/itemimage/image/large_6d1c022d-ed4b-4c7c-a8ba-6ece51185e49.jpg","frequently_not_found":null,"frequently_found":null,"often_out_of_stock":null,"special_instructions":null,"featured":false,"user_description":null,"unit_count":null,"bulky":false,"taxable":false,"is_alcoholic?":false,"impulse_buy":null,"wine_rating":null,"product_id":49030,"aisle_ids":[513],"department_ids":[82],"aisle_sort_order":200,"aisle_sort_orders":{"513":200},"dept_sort_order":683,"dept_sort_orders":{"82":683},"details":"","directions":null,"warnings":null,"ingredients":null,"organic":false,"kosher":false,"gluten_free":false,"low_fat":false,"fat_free":false,"sugar_free":false,"vegan":false,"vegetarian":false,"serving_size":null,"servings_per_container":null,"calories":null,"fat_calories":null,"fat":null,"saturated_fat":null,"trans_fat":null,"polyunsaturated_fat":null,"monounsaturated_fat":null,"cholesterol":null,"sodium":null,"potassium":null,"carbohydrate":null,"fiber":null,"sugars":null,"protein":null,"alcohol_by_volume":null},{"id":3979834,"available":true,"unlisted":false,"aisle_id":513,"sale_percent":null,"department_id":82,"brand_name":null,"name":"Fresh Fruits Large Papaya","display_name":"Large Papaya","price":5.99,"full_price":null,"sale_price":null,"price_per_unit":5.99,"loyalty_price":null,"loyalty_price_active":false,"size":"each","display_size":"each","product_type":"normal","unit":"each","par_weight":1.72,"related_item_ids":[],"visible":true,"warehouse_id":3,"primary_image_url":"https://d2lnr5mha7bycj.cloudfront.net/itemimage/image/primary_2c9a255d-d9c0-4c8f-b273-d980274b9b2c.jpg","large_image_url":"https://d2lnr5mha7bycj.cloudfront.net/itemimage/image/large_2c9a255d-d9c0-4c8f-b273-d980274b9b2c.jpg","frequently_not_found":null,"frequently_found":null,"often_out_of_stock":null,"special_instructions":null,"featured":false,"user_description":null,"unit_count":null,"bulky":false,"taxable":false,"is_alcoholic?":false,"impulse_buy":null,"wine_rating":null,"product_id":74209,"aisle_ids":[513],"department_ids":[82],"aisle_sort_order":201,"aisle_sort_orders":{"513":201},"dept_sort_order":700,"dept_sort_orders":{"82":700},"details":"","directions":null,"warnings":null,"ingredients":null,"organic":false,"kosher":false,"gluten_free":false,"low_fat":false,"fat_free":false,"sugar_free":false,"vegan":false,"vegetarian":false,"serving_size":null,"servings_per_container":null,"calories":null,"fat_calories":null,"fat":null,"saturated_fat":null,"trans_fat":null,"polyunsaturated_fat":null,"monounsaturated_fat":null,"cholesterol":null,"sodium":null,"potassium":null,"carbohydrate":null,"fiber":null,"sugars":null,"protein":null,"alcohol_by_volume":null},{"id":3987032,"available":true,"unlisted":false,"aisle_id":513,"sale_percent":null,"department_id":82,"brand_name":null,"name":"Fresh Fruits Organic Small White Flesh Peach","display_name":"Organic Small White Flesh Peach","price":1.75,"full_price":null,"sale_price":null,"price_per_unit":4.99,"loyalty_price":null,"loyalty_price_active":false,"size":"~ 0.35 lbs","display_size":"~ 0.35 lbs","product_type":"variable","unit":"each","par_weight":0.35,"related_item_ids":[],"visible":true,"warehouse_id":3,"primary_image_url":"https://d2lnr5mha7bycj.cloudfront.net/itemimage/image/primary_0479e827-d0a2-49f3-89f1-75e7f4a00f65.jpg","large_image_url":"https://d2lnr5mha7bycj.cloudfront.net/itemimage/image/primary_0479e827-d0a2-49f3-89f1-75e7f4a00f65.jpg","frequently_not_found":null,"frequently_found":null,"often_out_of_stock":null,"special_instructions":null,"featured":false,"user_description":null,"unit_count":null,"bulky":false,"taxable":false,"is_alcoholic?":false,"impulse_buy":null,"wine_rating":null,"product_id":216254,"aisle_ids":[513],"department_ids":[82],"aisle_sort_order":203,"aisle_sort_orders":{"513":203},"dept_sort_order":701,"dept_sort_orders":{"82":701},"details":"","directions":null,"warnings":null,"ingredients":null,"organic":true,"kosher":false,"gluten_free":false,"low_fat":false,"fat_free":false,"sugar_free":false,"vegan":false,"vegetarian":false,"serving_size":null,"servings_per_container":null,"calories":null,"fat_calories":null,"fat":null,"saturated_fat":null,"trans_fat":null,"polyunsaturated_fat":null,"monounsaturated_fat":null,"cholesterol":null,"sodium":null,"potassium":null,"carbohydrate":null,"fiber":null,"sugars":null,"protein":null,"alcohol_by_volume":null},{"id":4143994,"available":true,"unlisted":false,"aisle_id":513,"sale_percent":null,"department_id":82,"brand_name":null,"name":"Fresh Fruits White Peach","display_name":"White Peach","price":0.96,"full_price":null,"sale_price":null,"price_per_unit":2.99,"loyalty_price":null,"loyalty_price_active":false,"size":"~ 0.32 lbs","display_size":"~ 0.32 lbs","product_type":"variable","unit":"each","par_weight":0.32,"related_item_ids":[],"visible":true,"warehouse_id":3,"primary_image_url":"https://d2lnr5mha7bycj.cloudfront.net/itemimage/image/56022bababc42fb412aa1e3e4451300c.jpg","large_image_url":"https://d2lnr5mha7bycj.cloudfront.net/itemimage/image/56022bababc42fb412aa1e3e4451300c.jpg","frequently_not_found":null,"frequently_found":null,"often_out_of_stock":null,"special_instructions":null,"featured":false,"user_description":null,"unit_count":null,"bulky":false,"taxable":false,"is_alcoholic?":false,"impulse_buy":null,"wine_rating":null,"product_id":9192,"aisle_ids":[513],"department_ids":[82],"aisle_sort_order":203,"aisle_sort_orders":{"513":203},"dept_sort_order":702,"dept_sort_orders":{"82":702},"details":"","directions":null,"warnings":null,"ingredients":null,"organic":false,"kosher":false,"gluten_free":false,"low_fat":false,"fat_free":false,"sugar_free":false,"vegan":false,"vegetarian":false,"serving_size":"4 oz","servings_per_container":null,"calories":null,"fat_calories":null,"fat":null,"saturated_fat":null,"trans_fat":null,"polyunsaturated_fat":null,"monounsaturated_fat":null,"cholesterol":null,"sodium":null,"potassium":null,"carbohydrate":null,"fiber":null,"sugars":null,"protein":null,"alcohol_by_volume":null},{"id":4142865,"available":true,"unlisted":false,"aisle_id":513,"sale_percent":null,"department_id":82,"brand_name":null,"name":"Fresh Fruits White Flesh Tree Ripe Peaches","display_name":"White Flesh Tree Ripe Peaches","price":1.6,"full_price":null,"sale_price":null,"price_per_unit":1.6,"loyalty_price":null,"loyalty_price_active":false,"size":"each","display_size":"each","product_type":"normal","unit":"each","par_weight":0.4,"related_item_ids":[],"visible":true,"warehouse_id":3,"primary_image_url":"https://d2lnr5mha7bycj.cloudfront.net/itemimage/image/primary_8af06f47-9fa1-4c5f-a73a-2951cf88690d.jpg","large_image_url":"https://d2lnr5mha7bycj.cloudfront.net/itemimage/image/large_8af06f47-9fa1-4c5f-a73a-2951cf88690d.jpg","frequently_not_found":null,"frequently_found":null,"often_out_of_stock":null,"special_instructions":null,"featured":false,"user_description":null,"unit_count":null,"bulky":false,"taxable":false,"is_alcoholic?":false,"impulse_buy":null,"wine_rating":null,"product_id":478840,"aisle_ids":[513],"department_ids":[82],"aisle_sort_order":209,"aisle_sort_orders":{"513":209},"dept_sort_order":713,"dept_sort_orders":{"82":713},"details":"","directions":null,"warnings":null,"ingredients":null,"organic":false,"kosher":false,"gluten_free":false,"low_fat":false,"fat_free":false,"sugar_free":false,"vegan":false,"vegetarian":false,"serving_size":null,"servings_per_container":null,"calories":null,"fat_calories":null,"fat":null,"saturated_fat":null,"trans_fat":null,"polyunsaturated_fat":null,"monounsaturated_fat":null,"cholesterol":null,"sodium":null,"potassium":null,"carbohydrate":null,"fiber":null,"sugars":null,"protein":null,"alcohol_by_volume":null},{"id":4017624,"available":true,"unlisted":false,"aisle_id":513,"sale_percent":null,"department_id":82,"brand_name":null,"name":"Fresh Fruits Organic Loose Peaches","display_name":"Organic Loose Peaches","price":1.4,"full_price":null,"sale_price":null,"price_per_unit":3.99,"loyalty_price":null,"loyalty_price_active":false,"size":"~ 0.35 lbs","display_size":"~ 0.35 lbs","product_type":"variable","unit":"each","par_weight":0.35,"related_item_ids":[],"visible":true,"warehouse_id":3,"primary_image_url":"https://d2lnr5mha7bycj.cloudfront.net/itemimage/image/primary_8a3652ba-87a6-4e6f-9cd9-6ce873582ef8.jpeg","large_image_url":"https://d2lnr5mha7bycj.cloudfront.net/itemimage/image/primary_8a3652ba-87a6-4e6f-9cd9-6ce873582ef8.jpeg","frequently_not_found":null,"frequently_found":null,"often_out_of_stock":null,"special_instructions":null,"featured":false,"user_description":null,"unit_count":null,"bulky":false,"taxable":false,"is_alcoholic?":false,"impulse_buy":null,"wine_rating":null,"product_id":304858,"aisle_ids":[513],"department_ids":[82],"aisle_sort_order":220,"aisle_sort_orders":{"513":220},"dept_sort_order":754,"dept_sort_orders":{"82":754},"details":"","directions":null,"warnings":null,"ingredients":null,"organic":true,"kosher":false,"gluten_free":false,"low_fat":false,"fat_free":false,"sugar_free":false,"vegan":false,"vegetarian":false,"serving_size":null,"servings_per_container":null,"calories":null,"fat_calories":null,"fat":null,"saturated_fat":null,"trans_fat":null,"polyunsaturated_fat":null,"monounsaturated_fat":null,"cholesterol":null,"sodium":null,"potassium":null,"carbohydrate":null,"fiber":null,"sugars":null,"protein":null,"alcohol_by_volume":null},{"id":4144001,"available":true,"unlisted":false,"aisle_id":513,"sale_percent":null,"department_id":82,"brand_name":null,"name":"Fresh Fruits Daisy Mandarin","display_name":"Daisy Mandarin","price":5.0,"full_price":null,"sale_price":null,"price_per_unit":5.0,"loyalty_price":null,"loyalty_price_active":false,"size":"per lb","display_size":"per lb","product_type":"looseweight","unit":"lb","par_weight":null,"related_item_ids":[],"visible":true,"warehouse_id":3,"primary_image_url":"https://d2lnr5mha7bycj.cloudfront.net/itemimage/image/primary_c283b340-401e-4416-9bd7-67186ada874e.jpg","large_image_url":"https://d2lnr5mha7bycj.cloudfront.net/itemimage/image/primary_c283b340-401e-4416-9bd7-67186ada874e.jpg","frequently_not_found":null,"frequently_found":null,"often_out_of_stock":null,"special_instructions":null,"featured":false,"user_description":null,"unit_count":null,"bulky":false,"taxable":false,"is_alcoholic?":false,"impulse_buy":null,"wine_rating":null,"product_id":479493,"aisle_ids":[513],"department_ids":[82],"aisle_sort_order":232,"aisle_sort_orders":{"513":232},"dept_sort_order":735,"dept_sort_orders":{"82":735},"details":"","directions":null,"warnings":null,"ingredients":null,"organic":false,"kosher":false,"gluten_free":false,"low_fat":false,"fat_free":false,"sugar_free":false,"vegan":false,"vegetarian":false,"serving_size":null,"servings_per_container":null,"calories":null,"fat_calories":null,"fat":null,"saturated_fat":null,"trans_fat":null,"polyunsaturated_fat":null,"monounsaturated_fat":null,"cholesterol":null,"sodium":null,"potassium":null,"carbohydrate":null,"fiber":null,"sugars":null,"protein":null,"alcohol_by_volume":null},{"id":3975605,"available":true,"unlisted":false,"aisle_id":513,"sale_percent":null,"department_id":82,"brand_name":null,"name":"Fresh Fruits Organic Red Seedless Grapes Bag","display_name":"Organic Red Seedless Grapes Bag","price":8.18,"full_price":null,"sale_price":null,"price_per_unit":3.99,"loyalty_price":null,"loyalty_price_active":false,"size":"~ 2.05 lbs","display_size":"~ 2.05 lbs","product_type":"variable","unit":"each","par_weight":2.05,"related_item_ids":[],"visible":true,"warehouse_id":3,"primary_image_url":"https://d2lnr5mha7bycj.cloudfront.net/itemimage/image/primary_60d56114-0559-4c5a-989e-872f479fdb1f.jpg","large_image_url":"https://d2lnr5mha7bycj.cloudfront.net/itemimage/image/primary_60d56114-0559-4c5a-989e-872f479fdb1f.jpg","frequently_not_found":null,"frequently_found":null,"often_out_of_stock":null,"special_instructions":null,"featured":false,"user_description":null,"unit_count":null,"bulky":false,"taxable":false,"is_alcoholic?":false,"impulse_buy":null,"wine_rating":null,"product_id":116796,"aisle_ids":[513],"department_ids":[82],"aisle_sort_order":234,"aisle_sort_orders":{"513":234},"dept_sort_order":787,"dept_sort_orders":{"82":787},"details":"","directions":null,"warnings":null,"ingredients":null,"organic":true,"kosher":false,"gluten_free":false,"low_fat":false,"fat_free":false,"sugar_free":false,"vegan":false,"vegetarian":false,"serving_size":null,"servings_per_container":null,"calories":null,"fat_calories":null,"fat":null,"saturated_fat":null,"trans_fat":null,"polyunsaturated_fat":null,"monounsaturated_fat":null,"cholesterol":null,"sodium":null,"potassium":null,"carbohydrate":null,"fiber":null,"sugars":null,"protein":null,"alcohol_by_volume":null},{"id":3969559,"available":true,"unlisted":false,"aisle_id":513,"sale_percent":null,"department_id":82,"brand_name":null,"name":"Fresh Fruits Organic Red Cherries","display_name":"Organic Red Cherries","price":6.99,"full_price":null,"sale_price":null,"price_per_unit":6.99,"loyalty_price":null,"loyalty_price_active":false,"size":"per lb","display_size":"per lb","product_type":"looseweight","unit":"lb","par_weight":null,"related_item_ids":[],"visible":true,"warehouse_id":3,"primary_image_url":"https://d2lnr5mha7bycj.cloudfront.net/itemimage/image/primary_91360044-da65-445c-b40a-55e778c4898c.jpg","large_image_url":"https://d2lnr5mha7bycj.cloudfront.net/itemimage/image/large_91360044-da65-445c-b40a-55e778c4898c.jpg","frequently_not_found":null,"frequently_found":null,"often_out_of_stock":null,"special_instructions":null,"featured":false,"user_description":null,"unit_count":null,"bulky":false,"taxable":false,"is_alcoholic?":false,"impulse_buy":null,"wine_rating":null,"product_id":268637,"aisle_ids":[513],"department_ids":[82],"aisle_sort_order":238,"aisle_sort_orders":{"513":238},"dept_sort_order":763,"dept_sort_orders":{"82":763},"details":"","directions":null,"warnings":null,"ingredients":null,"organic":true,"kosher":false,"gluten_free":false,"low_fat":false,"fat_free":false,"sugar_free":false,"vegan":false,"vegetarian":false,"serving_size":null,"servings_per_container":null,"calories":null,"fat_calories":null,"fat":null,"saturated_fat":null,"trans_fat":null,"polyunsaturated_fat":null,"monounsaturated_fat":null,"cholesterol":null,"sodium":null,"potassium":null,"carbohydrate":null,"fiber":null,"sugars":null,"protein":null,"alcohol_by_volume":null},{"id":3895080,"available":true,"unlisted":false,"aisle_id":513,"sale_percent":null,"department_id":82,"brand_name":null,"name":"Fresh Fruits Organic Cantaloupe","display_name":"Organic Cantaloupe","price":11.97,"full_price":null,"sale_price":null,"price_per_unit":3.99,"loyalty_price":null,"loyalty_price_active":false,"size":"~ 3 lbs","display_size":"~ 3 lbs","product_type":"variable","unit":"each","par_weight":3.0,"related_item_ids":[],"visible":true,"warehouse_id":3,"primary_image_url":"https://d2lnr5mha7bycj.cloudfront.net/itemimage/image/primary_3c189bf3-4389-41e5-8340-d47a509c7b1c.jpg","large_image_url":"https://d2lnr5mha7bycj.cloudfront.net/itemimage/image/primary_3c189bf3-4389-41e5-8340-d47a509c7b1c.jpg","frequently_not_found":null,"frequently_found":null,"often_out_of_stock":null,"special_instructions":null,"featured":false,"user_description":null,"unit_count":null,"bulky":false,"taxable":false,"is_alcoholic?":false,"impulse_buy":null,"wine_rating":null,"product_id":44941,"aisle_ids":[513],"department_ids":[82],"aisle_sort_order":239,"aisle_sort_orders":{"513":239},"dept_sort_order":802,"dept_sort_orders":{"82":802},"details":"","directions":null,"warnings":null,"ingredients":null,"organic":true,"kosher":false,"gluten_free":false,"low_fat":false,"fat_free":false,"sugar_free":false,"vegan":false,"vegetarian":false,"serving_size":null,"servings_per_container":null,"calories":null,"fat_calories":null,"fat":null,"saturated_fat":null,"trans_fat":null,"polyunsaturated_fat":null,"monounsaturated_fat":null,"cholesterol":null,"sodium":null,"potassium":null,"carbohydrate":null,"fiber":null,"sugars":null,"protein":null,"alcohol_by_volume":null},{"id":3869126,"available":true,"unlisted":false,"aisle_id":513,"sale_percent":null,"department_id":82,"brand_name":null,"name":"Fresh Fruits Organic Fair Trade Pink Cripps Apple","display_name":"Organic Fair Trade Pink Cripps Apple","price":1.52,"full_price":null,"sale_price":null,"price_per_unit":3.99,"loyalty_price":null,"loyalty_price_active":false,"size":"~ 0.38 lbs","display_size":"~ 0.38 lbs","product_type":"variable","unit":"each","par_weight":0.38,"related_item_ids":[],"visible":true,"warehouse_id":3,"primary_image_url":"https://d2lnr5mha7bycj.cloudfront.net/itemimage/image/primary_489542e8-d622-4bf6-b61d-3ae8ad1920e0.jpg","large_image_url":"https://d2lnr5mha7bycj.cloudfront.net/itemimage/image/primary_489542e8-d622-4bf6-b61d-3ae8ad1920e0.jpg","frequently_not_found":null,"frequently_found":null,"often_out_of_stock":null,"special_instructions":null,"featured":false,"user_description":null,"unit_count":null,"bulky":false,"taxable":false,"is_alcoholic?":false,"impulse_buy":null,"wine_rating":null,"product_id":381465,"aisle_ids":[513],"department_ids":[82],"aisle_sort_order":240,"aisle_sort_orders":{"513":240},"dept_sort_order":748,"dept_sort_orders":{"82":748},"details":"","directions":null,"warnings":null,"ingredients":null,"organic":true,"kosher":false,"gluten_free":false,"low_fat":false,"fat_free":false,"sugar_free":false,"vegan":false,"vegetarian":false,"serving_size":null,"servings_per_container":null,"calories":null,"fat_calories":null,"fat":null,"saturated_fat":null,"trans_fat":null,"polyunsaturated_fat":null,"monounsaturated_fat":null,"cholesterol":null,"sodium":null,"potassium":null,"carbohydrate":null,"fiber":null,"sugars":null,"protein":null,"alcohol_by_volume":null},{"id":3838430,"available":true,"unlisted":false,"aisle_id":513,"sale_percent":null,"department_id":82,"brand_name":null,"name":"Fresh Fruits Blueberries","display_name":"Blueberries","price":4.99,"full_price":null,"sale_price":null,"price_per_unit":4.99,"loyalty_price":null,"loyalty_price_active":false,"size":"16 oz","display_size":"16 oz","product_type":"normal","unit":"each","par_weight":null,"related_item_ids":[],"visible":true,"warehouse_id":3,"primary_image_url":"https://d2lnr5mha7bycj.cloudfront.net/itemimage/image/primary_ef526459-218d-401c-8cc8-1895b8088b28.jpg","large_image_url":"https://d2lnr5mha7bycj.cloudfront.net/itemimage/image/large_ef526459-218d-401c-8cc8-1895b8088b28.jpg","frequently_not_found":null,"frequently_found":null,"often_out_of_stock":null,"special_instructions":null,"featured":false,"user_description":null,"unit_count":null,"bulky":false,"taxable":false,"is_alcoholic?":false,"impulse_buy":null,"wine_rating":null,"product_id":122488,"aisle_ids":[513],"department_ids":[82],"aisle_sort_order":241,"aisle_sort_orders":{"513":241},"dept_sort_order":789,"dept_sort_orders":{"82":789},"details":"","directions":null,"warnings":null,"ingredients":null,"organic":false,"kosher":false,"gluten_free":false,"low_fat":false,"fat_free":false,"sugar_free":false,"vegan":false,"vegetarian":false,"serving_size":null,"servings_per_container":null,"calories":null,"fat_calories":null,"fat":null,"saturated_fat":null,"trans_fat":null,"polyunsaturated_fat":null,"monounsaturated_fat":null,"cholesterol":null,"sodium":null,"potassium":null,"carbohydrate":null,"fiber":null,"sugars":null,"protein":null,"alcohol_by_volume":null},{"id":4166217,"available":true,"unlisted":false,"aisle_id":513,"sale_percent":null,"department_id":82,"brand_name":null,"name":"Fresh Fruits Bag of Organic Red Seedless Grapes","display_name":"Bag of Organic Red Seedless Grapes","price":3.99,"full_price":null,"sale_price":null,"price_per_unit":3.99,"loyalty_price":null,"loyalty_price_active":false,"size":"1 lb","display_size":"1 lb","product_type":"normal","unit":"each","par_weight":null,"related_item_ids":[],"visible":true,"warehouse_id":3,"primary_image_url":"https://d2lnr5mha7bycj.cloudfront.net/itemimage/image/primary_cba096d9-e548-4957-9484-d928a018b7e6.jpg","large_image_url":"https://d2lnr5mha7bycj.cloudfront.net/itemimage/image/primary_cba096d9-e548-4957-9484-d928a018b7e6.jpg","frequently_not_found":null,"frequently_found":null,"often_out_of_stock":null,"special_instructions":null,"featured":false,"user_description":null,"unit_count":null,"bulky":false,"taxable":false,"is_alcoholic?":false,"impulse_buy":null,"wine_rating":null,"product_id":486455,"aisle_ids":[513],"department_ids":[82],"aisle_sort_order":243,"aisle_sort_orders":{"513":243},"dept_sort_order":790,"dept_sort_orders":{"82":790},"details":"","directions":null,"warnings":null,"ingredients":null,"organic":true,"kosher":false,"gluten_free":false,"low_fat":false,"fat_free":false,"sugar_free":false,"vegan":false,"vegetarian":false,"serving_size":null,"servings_per_container":null,"calories":null,"fat_calories":null,"fat":null,"saturated_fat":null,"trans_fat":null,"polyunsaturated_fat":null,"monounsaturated_fat":null,"cholesterol":null,"sodium":null,"potassium":null,"carbohydrate":null,"fiber":null,"sugars":null,"protein":null,"alcohol_by_volume":null},{"id":3881090,"available":true,"unlisted":false,"aisle_id":513,"sale_percent":null,"department_id":82,"brand_name":null,"name":"Fresh Fruits Organic Cripps Pink Apple","display_name":"Organic Cripps Pink Apple","price":1.14,"full_price":null,"sale_price":null,"price_per_unit":2.99,"loyalty_price":null,"loyalty_price_active":false,"size":"~ 0.38 lbs","display_size":"~ 0.38 lbs","product_type":"variable","unit":"each","par_weight":0.38,"related_item_ids":[],"visible":true,"warehouse_id":3,"primary_image_url":"https://d2lnr5mha7bycj.cloudfront.net/itemimage/image/primary_578f2201-b81a-42d4-865d-9133f463d641.jpg","large_image_url":"https://d2lnr5mha7bycj.cloudfront.net/itemimage/image/primary_578f2201-b81a-42d4-865d-9133f463d641.jpg","frequently_not_found":null,"frequently_found":null,"often_out_of_stock":null,"special_instructions":null,"featured":false,"user_description":null,"unit_count":null,"bulky":false,"taxable":false,"is_alcoholic?":false,"impulse_buy":null,"wine_rating":null,"product_id":49034,"aisle_ids":[513],"department_ids":[82],"aisle_sort_order":244,"aisle_sort_orders":{"513":244},"dept_sort_order":794,"dept_sort_orders":{"82":794},"details":"Extremely crisp and dense with a fine grained flesh, the Pink Lady apple has a pleasantly tart flavor and natural sweetness. While it's excellent for baking, the Pink Lady is also a smart choice for salads, as it tends to be resistant to browning. This attractive bi-colored apple is generally medium sized and conical shaped, making it perfect to pack for a midday snack.","directions":null,"warnings":null,"ingredients":null,"organic":true,"kosher":false,"gluten_free":false,"low_fat":false,"fat_free":false,"sugar_free":false,"vegan":false,"vegetarian":false,"serving_size":null,"servings_per_container":null,"calories":null,"fat_calories":null,"fat":null,"saturated_fat":null,"trans_fat":null,"polyunsaturated_fat":null,"monounsaturated_fat":null,"cholesterol":null,"sodium":null,"potassium":null,"carbohydrate":null,"fiber":null,"sugars":null,"protein":null,"alcohol_by_volume":null},{"id":3985656,"available":true,"unlisted":false,"aisle_id":513,"sale_percent":null,"department_id":82,"brand_name":null,"name":"Fresh Fruits Swanton Berry Organic Strawberries","display_name":"Swanton Berry Organic Strawberries","price":3.99,"full_price":null,"sale_price":null,"price_per_unit":3.99,"loyalty_price":null,"loyalty_price_active":false,"size":"16 oz","display_size":"16 oz","product_type":"normal","unit":"each","par_weight":null,"related_item_ids":[],"visible":true,"warehouse_id":3,"primary_image_url":"https://d2lnr5mha7bycj.cloudfront.net/itemimage/image/primary_ad4c8a4b-5bfc-4801-99f2-047ea394575a.jpg","large_image_url":"https://d2lnr5mha7bycj.cloudfront.net/itemimage/image/primary_ad4c8a4b-5bfc-4801-99f2-047ea394575a.jpg","frequently_not_found":null,"frequently_found":null,"often_out_of_stock":null,"special_instructions":null,"featured":false,"user_description":null,"unit_count":null,"bulky":false,"taxable":false,"is_alcoholic?":false,"impulse_buy":null,"wine_rating":null,"product_id":246958,"aisle_ids":[513],"department_ids":[82],"aisle_sort_order":245,"aisle_sort_orders":{"513":245},"dept_sort_order":811,"dept_sort_orders":{"82":811},"details":"","directions":null,"warnings":null,"ingredients":null,"organic":true,"kosher":false,"gluten_free":false,"low_fat":false,"fat_free":false,"sugar_free":false,"vegan":false,"vegetarian":false,"serving_size":null,"servings_per_container":null,"calories":null,"fat_calories":null,"fat":null,"saturated_fat":null,"trans_fat":null,"polyunsaturated_fat":null,"monounsaturated_fat":null,"cholesterol":null,"sodium":null,"potassium":null,"carbohydrate":null,"fiber":null,"sugars":null,"protein":null,"alcohol_by_volume":null},{"id":3977012,"available":true,"unlisted":false,"aisle_id":513,"sale_percent":null,"department_id":82,"brand_name":null,"name":"Fresh Fruits Organic Green Seedless Grapes Bag","display_name":"Organic Green Seedless Grapes Bag","price":8.02,"full_price":null,"sale_price":null,"price_per_unit":3.99,"loyalty_price":null,"loyalty_price_active":false,"size":"~ 2.01 lbs","display_size":"~ 2.01 lbs","product_type":"variable","unit":"each","par_weight":2.01,"related_item_ids":[],"visible":true,"warehouse_id":3,"primary_image_url":"https://d2lnr5mha7bycj.cloudfront.net/itemimage/image/primary_257cc4e9-8e93-43b7-8919-80908673e673.jpg","large_image_url":"https://d2lnr5mha7bycj.cloudfront.net/itemimage/image/primary_257cc4e9-8e93-43b7-8919-80908673e673.jpg","frequently_not_found":null,"frequently_found":null,"often_out_of_stock":null,"special_instructions":null,"featured":false,"user_description":null,"unit_count":null,"bulky":false,"taxable":false,"is_alcoholic?":false,"impulse_buy":null,"wine_rating":null,"product_id":74194,"aisle_ids":[513],"department_ids":[82],"aisle_sort_order":246,"aisle_sort_orders":{"513":246},"dept_sort_order":764,"dept_sort_orders":{"82":764},"details":"","directions":null,"warnings":null,"ingredients":null,"organic":true,"kosher":false,"gluten_free":false,"low_fat":false,"fat_free":false,"sugar_free":false,"vegan":false,"vegetarian":false,"serving_size":null,"servings_per_container":null,"calories":null,"fat_calories":null,"fat":null,"saturated_fat":null,"trans_fat":null,"polyunsaturated_fat":null,"monounsaturated_fat":null,"cholesterol":null,"sodium":null,"potassium":null,"carbohydrate":null,"fiber":null,"sugars":null,"protein":null,"alcohol_by_volume":null},{"id":3800043,"available":true,"unlisted":false,"aisle_id":513,"sale_percent":null,"department_id":82,"brand_name":null,"name":"Fresh Fruits Sharlin Melon","display_name":"Sharlin Melon","price":7.43,"full_price":null,"sale_price":null,"price_per_unit":0.99,"size":"~ 7.5 lbs","display_size":"~ 7.5 lbs","product_type":"variable","unit":"each","par_weight":7.5,"related_item_ids":[],"visible":true,"warehouse_id":3,"primary_image_url":"https://d2lnr5mha7bycj.cloudfront.net/itemimage/image/primary_49c86f20-4045-4595-9dbd-c3a70d58223a.jpg","large_image_url":"https://d2lnr5mha7bycj.cloudfront.net/itemimage/image/primary_49c86f20-4045-4595-9dbd-c3a70d58223a.jpg","frequently_not_found":null,"frequently_found":null,"often_out_of_stock":null,"special_instructions":null,"featured":false,"user_description":null,"unit_count":null,"bulky":false,"taxable":false,"is_alcoholic?":false,"impulse_buy":null,"wine_rating":null,"product_id":213046,"aisle_ids":[513],"department_ids":[82],"aisle_sort_order":248,"aisle_sort_orders":{"513":248},"dept_sort_order":793,"dept_sort_orders":{"82":793},"details":"","directions":null,"warnings":null,"ingredients":null,"organic":false,"kosher":false,"gluten_free":false,"low_fat":false,"fat_free":false,"sugar_free":false,"vegan":false,"vegetarian":false,"serving_size":null,"servings_per_container":null,"calories":null,"fat_calories":null,"fat":null,"saturated_fat":null,"trans_fat":null,"polyunsaturated_fat":null,"monounsaturated_fat":null,"cholesterol":null,"sodium":null,"potassium":null,"carbohydrate":null,"fiber":null,"sugars":null,"protein":null,"alcohol_by_volume":null},{"id":3883933,"available":true,"unlisted":false,"aisle_id":513,"sale_percent":null,"department_id":82,"brand_name":null,"name":"Fresh Fruits Super Blueberries","display_name":"Super Blueberries","price":3.99,"full_price":null,"sale_price":null,"price_per_unit":3.99,"loyalty_price":null,"loyalty_price_active":false,"size":"6 oz","display_size":"6 oz","product_type":"normal","unit":"each","par_weight":null,"related_item_ids":[],"visible":true,"warehouse_id":3,"primary_image_url":"https://d2lnr5mha7bycj.cloudfront.net/itemimage/image/primary_52759524-d804-4ee7-af69-c5bc863edd7e.jpg","large_image_url":"https://d2lnr5mha7bycj.cloudfront.net/itemimage/image/primary_52759524-d804-4ee7-af69-c5bc863edd7e.jpg","frequently_not_found":null,"frequently_found":null,"often_out_of_stock":null,"special_instructions":null,"featured":false,"user_description":null,"unit_count":null,"bulky":false,"taxable":false,"is_alcoholic?":false,"impulse_buy":null,"wine_rating":null,"product_id":266832,"aisle_ids":[513],"department_ids":[82],"aisle_sort_order":249,"aisle_sort_orders":{"513":249},"dept_sort_order":805,"dept_sort_orders":{"82":805},"details":"","directions":null,"warnings":null,"ingredients":null,"organic":false,"kosher":false,"gluten_free":false,"low_fat":false,"fat_free":false,"sugar_free":false,"vegan":false,"vegetarian":false,"serving_size":null,"servings_per_container":null,"calories":null,"fat_calories":null,"fat":null,"saturated_fat":null,"trans_fat":null,"polyunsaturated_fat":null,"monounsaturated_fat":null,"cholesterol":null,"sodium":null,"potassium":null,"carbohydrate":null,"fiber":null,"sugars":null,"protein":null,"alcohol_by_volume":null},{"id":3804283,"available":true,"unlisted":false,"aisle_id":513,"sale_percent":null,"department_id":82,"brand_name":null,"name":"Fresh Fruits Indian Peaches","display_name":"Indian Peaches","price":0.9,"full_price":null,"sale_price":null,"price_per_unit":2.99,"loyalty_price":null,"loyalty_price_active":false,"size":"~ 0.3 lbs","display_size":"~ 0.3 lbs","product_type":"variable","unit":"each","par_weight":0.3,"related_item_ids":[],"visible":true,"warehouse_id":3,"primary_image_url":"https://d2lnr5mha7bycj.cloudfront.net/itemimage/image/primary_e1729e09-ef05-4a09-84c5-edc119d864e3.jpg","large_image_url":"https://d2lnr5mha7bycj.cloudfront.net/itemimage/image/primary_e1729e09-ef05-4a09-84c5-edc119d864e3.jpg","frequently_not_found":null,"frequently_found":null,"often_out_of_stock":null,"special_instructions":null,"featured":false,"user_description":null,"unit_count":null,"bulky":false,"taxable":false,"is_alcoholic?":false,"impulse_buy":null,"wine_rating":null,"product_id":382245,"aisle_ids":[513,18096],"department_ids":[82,2300],"aisle_sort_order":251,"aisle_sort_orders":{"513":251,"18096":10000},"dept_sort_order":799,"dept_sort_orders":{"82":799,"2300":10000},"details":"","directions":null,"warnings":null,"ingredients":null,"organic":false,"kosher":false,"gluten_free":false,"low_fat":false,"fat_free":false,"sugar_free":false,"vegan":false,"vegetarian":false,"serving_size":null,"servings_per_container":null,"calories":null,"fat_calories":null,"fat":null,"saturated_fat":null,"trans_fat":null,"polyunsaturated_fat":null,"monounsaturated_fat":null,"cholesterol":null,"sodium":null,"potassium":null,"carbohydrate":null,"fiber":null,"sugars":null,"protein":null,"alcohol_by_volume":null},{"id":3829833,"available":true,"unlisted":false,"aisle_id":513,"sale_percent":null,"department_id":82,"brand_name":"Produce","name":"Fresh Fruits Produce Mango Haitian Wtg Og","display_name":"Produce Mango Haitian Wtg Og","price":2.5,"full_price":null,"sale_price":null,"price_per_unit":2.5,"loyalty_price":null,"loyalty_price_active":false,"size":"each","display_size":"each","product_type":"normal","unit":"each","par_weight":null,"related_item_ids":[],"visible":true,"warehouse_id":3,"primary_image_url":"https://d2lnr5mha7bycj.cloudfront.net/itemimage/image/primary_6059b0fb-9578-458c-ad5a-3239e1b0b133.jpg","large_image_url":"https://d2lnr5mha7bycj.cloudfront.net/itemimage/image/primary_6059b0fb-9578-458c-ad5a-3239e1b0b133.jpg","frequently_not_found":null,"frequently_found":null,"often_out_of_stock":null,"special_instructions":null,"featured":false,"user_description":null,"unit_count":null,"bulky":false,"taxable":false,"is_alcoholic?":false,"impulse_buy":null,"wine_rating":null,"product_id":408056,"aisle_ids":[513],"department_ids":[82],"aisle_sort_order":278,"aisle_sort_orders":{"513":278},"dept_sort_order":849,"dept_sort_orders":{"82":849},"details":"","directions":null,"warnings":null,"ingredients":null,"organic":true,"kosher":false,"gluten_free":false,"low_fat":false,"fat_free":false,"sugar_free":false,"vegan":false,"vegetarian":false,"serving_size":null,"servings_per_container":null,"calories":null,"fat_calories":null,"fat":null,"saturated_fat":null,"trans_fat":null,"polyunsaturated_fat":null,"monounsaturated_fat":null,"cholesterol":null,"sodium":null,"potassium":null,"carbohydrate":null,"fiber":null,"sugars":null,"protein":null,"alcohol_by_volume":null},{"id":3839072,"available":true,"unlisted":false,"aisle_id":513,"sale_percent":null,"department_id":82,"brand_name":null,"name":"Fresh Fruits Organic Sharlyn Melon","display_name":"Organic Sharlyn Melon","price":1.49,"full_price":null,"sale_price":null,"price_per_unit":1.49,"loyalty_price":null,"loyalty_price_active":false,"size":"per lb","display_size":"per lb","product_type":"looseweight","unit":"lb","par_weight":null,"related_item_ids":[],"visible":true,"warehouse_id":3,"primary_image_url":"https://d2lnr5mha7bycj.cloudfront.net/itemimage/image/primary_173ec18a-91a5-4bdc-8e4e-576675b112c3.jpg","large_image_url":"https://d2lnr5mha7bycj.cloudfront.net/itemimage/image/primary_173ec18a-91a5-4bdc-8e4e-576675b112c3.jpg","frequently_not_found":null,"frequently_found":null,"often_out_of_stock":null,"special_instructions":null,"featured":false,"user_description":null,"unit_count":null,"bulky":false,"taxable":false,"is_alcoholic?":false,"impulse_buy":null,"wine_rating":null,"product_id":56897,"aisle_ids":[513],"department_ids":[82],"aisle_sort_order":286,"aisle_sort_orders":{"513":286},"dept_sort_order":899,"dept_sort_orders":{"82":899},"details":"","directions":null,"warnings":null,"ingredients":null,"organic":true,"kosher":false,"gluten_free":false,"low_fat":false,"fat_free":false,"sugar_free":false,"vegan":false,"vegetarian":false,"serving_size":null,"servings_per_container":null,"calories":null,"fat_calories":null,"fat":null,"saturated_fat":null,"trans_fat":null,"polyunsaturated_fat":null,"monounsaturated_fat":null,"cholesterol":null,"sodium":null,"potassium":null,"carbohydrate":null,"fiber":null,"sugars":null,"protein":null,"alcohol_by_volume":null},{"id":3839299,"available":true,"unlisted":false,"aisle_id":513,"sale_percent":null,"department_id":82,"brand_name":"","name":"Fresh Fruits Organic Melon Muskmelon","display_name":"Organic Melon Muskmelon","price":2.49,"full_price":null,"sale_price":null,"price_per_unit":2.49,"loyalty_price":null,"loyalty_price_active":false,"size":"1 lb","display_size":"1 lb","product_type":"normal","unit":"each","par_weight":null,"related_item_ids":[],"visible":true,"warehouse_id":3,"primary_image_url":"https://d2lnr5mha7bycj.cloudfront.net/itemimage/image/primary_ed253c0f-bacd-41bd-9cef-e80a7300e933.jpg","large_image_url":"https://d2lnr5mha7bycj.cloudfront.net/itemimage/image/primary_ed253c0f-bacd-41bd-9cef-e80a7300e933.jpg","frequently_not_found":null,"frequently_found":null,"often_out_of_stock":null,"special_instructions":null,"featured":false,"user_description":null,"unit_count":null,"bulky":false,"taxable":false,"is_alcoholic?":false,"impulse_buy":null,"wine_rating":null,"product_id":391055,"aisle_ids":[513],"department_ids":[82],"aisle_sort_order":287,"aisle_sort_orders":{"513":287},"dept_sort_order":900,"dept_sort_orders":{"82":900},"details":"","directions":null,"warnings":null,"ingredients":null,"organic":true,"kosher":false,"gluten_free":false,"low_fat":false,"fat_free":false,"sugar_free":false,"vegan":false,"vegetarian":false,"serving_size":null,"servings_per_container":null,"calories":null,"fat_calories":null,"fat":null,"saturated_fat":null,"trans_fat":null,"polyunsaturated_fat":null,"monounsaturated_fat":null,"cholesterol":null,"sodium":null,"potassium":null,"carbohydrate":null,"fiber":null,"sugars":null,"protein":null,"alcohol_by_volume":null},{"id":3846790,"available":true,"unlisted":false,"aisle_id":513,"sale_percent":null,"department_id":82,"brand_name":null,"name":"Fresh Fruits Casaba Melon","display_name":"Casaba Melon","price":3.58,"full_price":null,"sale_price":null,"price_per_unit":0.99,"loyalty_price":null,"loyalty_price_active":false,"size":"~ 3.62 lbs","display_size":"~ 3.62 lbs","product_type":"variable","unit":"each","par_weight":3.62,"related_item_ids":[],"visible":true,"warehouse_id":3,"primary_image_url":"https://d2lnr5mha7bycj.cloudfront.net/itemimage/image/primary_6dfed731-020d-4ccb-bece-88ebdaa97a11.jpg","large_image_url":"https://d2lnr5mha7bycj.cloudfront.net/itemimage/image/primary_6dfed731-020d-4ccb-bece-88ebdaa97a11.jpg","frequently_not_found":null,"frequently_found":null,"often_out_of_stock":null,"special_instructions":null,"featured":false,"user_description":null,"unit_count":null,"bulky":false,"taxable":false,"is_alcoholic?":false,"impulse_buy":null,"wine_rating":null,"product_id":352765,"aisle_ids":[513],"department_ids":[82],"aisle_sort_order":294,"aisle_sort_orders":{"513":294},"dept_sort_order":928,"dept_sort_orders":{"82":928},"details":"","directions":null,"warnings":null,"ingredients":null,"organic":false,"kosher":false,"gluten_free":false,"low_fat":false,"fat_free":false,"sugar_free":false,"vegan":false,"vegetarian":false,"serving_size":null,"servings_per_container":null,"calories":null,"fat_calories":null,"fat":null,"saturated_fat":null,"trans_fat":null,"polyunsaturated_fat":null,"monounsaturated_fat":null,"cholesterol":null,"sodium":null,"potassium":null,"carbohydrate":null,"fiber":null,"sugars":null,"protein":null,"alcohol_by_volume":null},{"id":3973292,"available":true,"unlisted":false,"aisle_id":513,"sale_percent":null,"department_id":82,"brand_name":null,"name":"Fresh Fruits Young Husk Coconut","display_name":"Young Husk Coconut","price":3.99,"full_price":null,"sale_price":null,"price_per_unit":3.99,"loyalty_price":null,"loyalty_price_active":false,"size":"each","display_size":"each","product_type":"normal","unit":"each","par_weight":null,"related_item_ids":[],"visible":true,"warehouse_id":3,"primary_image_url":"https://d2lnr5mha7bycj.cloudfront.net/itemimage/image/primary_dffcddc7-2cc4-4aaf-bbf7-d7e9a077bfcc.jpg","large_image_url":"https://d2lnr5mha7bycj.cloudfront.net/itemimage/image/primary_dffcddc7-2cc4-4aaf-bbf7-d7e9a077bfcc.jpg","frequently_not_found":null,"frequently_found":null,"often_out_of_stock":null,"special_instructions":null,"featured":false,"user_description":null,"unit_count":null,"bulky":false,"taxable":false,"is_alcoholic?":false,"impulse_buy":null,"wine_rating":null,"product_id":209740,"aisle_ids":[513],"department_ids":[82],"aisle_sort_order":322,"aisle_sort_orders":{"513":322},"dept_sort_order":1033,"dept_sort_orders":{"82":1033},"details":"","directions":null,"warnings":null,"ingredients":null,"organic":false,"kosher":false,"gluten_free":false,"low_fat":false,"fat_free":false,"sugar_free":false,"vegan":false,"vegetarian":false,"serving_size":null,"servings_per_container":null,"calories":null,"fat_calories":null,"fat":null,"saturated_fat":null,"trans_fat":null,"polyunsaturated_fat":null,"monounsaturated_fat":null,"cholesterol":null,"sodium":null,"potassium":null,"carbohydrate":null,"fiber":null,"sugars":null,"protein":null,"alcohol_by_volume":null},{"id":3987071,"available":true,"unlisted":false,"aisle_id":513,"sale_percent":null,"department_id":82,"brand_name":null,"name":"Fresh Fruits Persian Melon","display_name":"Persian Melon","price":1.29,"full_price":null,"sale_price":null,"price_per_unit":1.29,"loyalty_price":null,"loyalty_price_active":false,"size":"per lb","display_size":"per lb","product_type":"looseweight","unit":"lb","par_weight":null,"related_item_ids":[],"visible":true,"warehouse_id":3,"primary_image_url":"https://d2lnr5mha7bycj.cloudfront.net/itemimage/image/primary_f2a01bed-c2ba-4d86-8651-df0cf577f359.jpg","large_image_url":"https://d2lnr5mha7bycj.cloudfront.net/itemimage/image/large_f2a01bed-c2ba-4d86-8651-df0cf577f359.jpg","frequently_not_found":null,"frequently_found":null,"often_out_of_stock":null,"special_instructions":null,"featured":false,"user_description":null,"unit_count":null,"bulky":false,"taxable":false,"is_alcoholic?":false,"impulse_buy":null,"wine_rating":null,"product_id":403916,"aisle_ids":[513],"department_ids":[82],"aisle_sort_order":342,"aisle_sort_orders":{"513":342},"dept_sort_order":1052,"dept_sort_orders":{"82":1052},"details":"","directions":null,"warnings":null,"ingredients":null,"organic":false,"kosher":false,"gluten_free":false,"low_fat":false,"fat_free":false,"sugar_free":false,"vegan":false,"vegetarian":false,"serving_size":null,"servings_per_container":null,"calories":null,"fat_calories":null,"fat":null,"saturated_fat":null,"trans_fat":null,"polyunsaturated_fat":null,"monounsaturated_fat":null,"cholesterol":null,"sodium":null,"potassium":null,"carbohydrate":null,"fiber":null,"sugars":null,"protein":null,"alcohol_by_volume":null},{"id":3989283,"available":true,"unlisted":false,"aisle_id":513,"sale_percent":null,"department_id":82,"brand_name":null,"name":"Fresh Fruits Crenshaw Melon","display_name":"Crenshaw Melon","price":3.58,"full_price":null,"sale_price":null,"price_per_unit":0.99,"loyalty_price":null,"loyalty_price_active":false,"size":"~ 3.62 lbs","display_size":"~ 3.62 lbs","product_type":"variable","unit":"each","par_weight":3.62,"related_item_ids":[],"visible":true,"warehouse_id":3,"primary_image_url":"https://d2lnr5mha7bycj.cloudfront.net/itemimage/image/primary_a9efd2c4-813a-435e-b5ed-045e3e8c6375.jpg","large_image_url":"https://d2lnr5mha7bycj.cloudfront.net/itemimage/image/primary_a9efd2c4-813a-435e-b5ed-045e3e8c6375.jpg","frequently_not_found":null,"frequently_found":null,"often_out_of_stock":null,"special_instructions":null,"featured":false,"user_description":null,"unit_count":null,"bulky":false,"taxable":false,"is_alcoholic?":false,"impulse_buy":null,"wine_rating":null,"product_id":353815,"aisle_ids":[513],"department_ids":[82],"aisle_sort_order":345,"aisle_sort_orders":{"513":345},"dept_sort_order":1056,"dept_sort_orders":{"82":1056},"details":"","directions":null,"warnings":null,"ingredients":null,"organic":false,"kosher":false,"gluten_free":false,"low_fat":false,"fat_free":false,"sugar_free":false,"vegan":false,"vegetarian":false,"serving_size":null,"servings_per_container":null,"calories":null,"fat_calories":null,"fat":null,"saturated_fat":null,"trans_fat":null,"polyunsaturated_fat":null,"monounsaturated_fat":null,"cholesterol":null,"sodium":null,"potassium":null,"carbohydrate":null,"fiber":null,"sugars":null,"protein":null,"alcohol_by_volume":null},{"id":3990494,"available":true,"unlisted":false,"aisle_id":513,"sale_percent":null,"department_id":82,"brand_name":null,"name":"Fresh Fruits Lychee","display_name":"Lychee","price":0.35,"full_price":null,"sale_price":null,"price_per_unit":6.99,"loyalty_price":null,"loyalty_price_active":false,"size":"~ 0.05 lbs","display_size":"~ 0.05 lbs","product_type":"variable","unit":"each","par_weight":0.05,"related_item_ids":[],"visible":true,"warehouse_id":3,"primary_image_url":"https://d2lnr5mha7bycj.cloudfront.net/itemimage/image/primary_c4ce52a7-2819-411a-a7f3-594778247bee.jpg","large_image_url":"https://d2lnr5mha7bycj.cloudfront.net/itemimage/image/large_c4ce52a7-2819-411a-a7f3-594778247bee.jpg","frequently_not_found":null,"frequently_found":null,"often_out_of_stock":null,"special_instructions":null,"featured":false,"user_description":null,"unit_count":null,"bulky":false,"taxable":false,"is_alcoholic?":false,"impulse_buy":null,"wine_rating":null,"product_id":271662,"aisle_ids":[513],"department_ids":[82],"aisle_sort_order":349,"aisle_sort_orders":{"513":349},"dept_sort_order":1061,"dept_sort_orders":{"82":1061},"details":"","directions":null,"warnings":null,"ingredients":null,"organic":false,"kosher":false,"gluten_free":false,"low_fat":false,"fat_free":false,"sugar_free":false,"vegan":false,"vegetarian":false,"serving_size":null,"servings_per_container":null,"calories":null,"fat_calories":null,"fat":null,"saturated_fat":null,"trans_fat":null,"polyunsaturated_fat":null,"monounsaturated_fat":null,"cholesterol":null,"sodium":null,"potassium":null,"carbohydrate":null,"fiber":null,"sugars":null,"protein":null,"alcohol_by_volume":null},{"id":4001281,"available":true,"unlisted":false,"aisle_id":513,"sale_percent":null,"department_id":82,"brand_name":"Whole Foods","name":"Fresh Fruits Whole Foods Organic Cotton Candy Grapes","display_name":"Whole Foods Organic Cotton Candy Grapes","price":4.99,"full_price":null,"sale_price":null,"price_per_unit":4.99,"loyalty_price":null,"loyalty_price_active":false,"size":"per lb","display_size":"per lb","product_type":"looseweight","unit":"lb","par_weight":null,"related_item_ids":[],"visible":true,"warehouse_id":3,"primary_image_url":"https://d2lnr5mha7bycj.cloudfront.net/itemimage/image/primary_b4d903f9-58eb-4305-84ef-74030f2c1fce.jpg","large_image_url":"https://d2lnr5mha7bycj.cloudfront.net/itemimage/image/primary_b4d903f9-58eb-4305-84ef-74030f2c1fce.jpg","frequently_not_found":null,"frequently_found":null,"often_out_of_stock":null,"special_instructions":null,"featured":false,"user_description":null,"unit_count":null,"bulky":false,"taxable":false,"is_alcoholic?":false,"impulse_buy":null,"wine_rating":null,"product_id":455882,"aisle_ids":[513],"department_ids":[82],"aisle_sort_order":353,"aisle_sort_orders":{"513":353},"dept_sort_order":1080,"dept_sort_orders":{"82":1080},"details":"","directions":null,"warnings":null,"ingredients":null,"organic":true,"kosher":false,"gluten_free":false,"low_fat":false,"fat_free":false,"sugar_free":false,"vegan":false,"vegetarian":false,"serving_size":null,"servings_per_container":null,"calories":null,"fat_calories":null,"fat":null,"saturated_fat":null,"trans_fat":null,"polyunsaturated_fat":null,"monounsaturated_fat":null,"cholesterol":null,"sodium":null,"potassium":null,"carbohydrate":null,"fiber":null,"sugars":null,"protein":null,"alcohol_by_volume":null},{"id":4020782,"available":true,"unlisted":false,"aisle_id":513,"sale_percent":null,"department_id":82,"brand_name":null,"name":"Fresh Fruits Bamboo Shoot","display_name":"Bamboo Shoot","price":5.99,"full_price":null,"sale_price":null,"price_per_unit":5.99,"size":"per lb","display_size":"per lb","product_type":"looseweight","unit":"lb","par_weight":null,"related_item_ids":[],"visible":true,"warehouse_id":3,"primary_image_url":"https://d2lnr5mha7bycj.cloudfront.net/itemimage/image/primary_4d9ccf88-951a-46f2-af32-cdc25aa432c9.jpg","large_image_url":"https://d2lnr5mha7bycj.cloudfront.net/itemimage/image/large_4d9ccf88-951a-46f2-af32-cdc25aa432c9.jpg","frequently_not_found":null,"frequently_found":null,"often_out_of_stock":null,"special_instructions":null,"featured":false,"user_description":null,"unit_count":null,"bulky":false,"taxable":false,"is_alcoholic?":false,"impulse_buy":null,"wine_rating":null,"product_id":353790,"aisle_ids":[513],"department_ids":[82],"aisle_sort_order":360,"aisle_sort_orders":{"513":360},"dept_sort_order":1099,"dept_sort_orders":{"82":1099},"details":"","directions":null,"warnings":null,"ingredients":null,"organic":false,"kosher":false,"gluten_free":false,"low_fat":false,"fat_free":false,"sugar_free":false,"vegan":false,"vegetarian":false,"serving_size":null,"servings_per_container":null,"calories":null,"fat_calories":null,"fat":null,"saturated_fat":null,"trans_fat":null,"polyunsaturated_fat":null,"monounsaturated_fat":null,"cholesterol":null,"sodium":null,"potassium":null,"carbohydrate":null,"fiber":null,"sugars":null,"protein":null,"alcohol_by_volume":null},{"id":4021890,"available":true,"unlisted":false,"aisle_id":513,"sale_percent":null,"department_id":82,"brand_name":null,"name":"Fresh Fruits Small Gourd Mix","display_name":"Small Gourd Mix","price":2.49,"full_price":null,"sale_price":null,"price_per_unit":2.49,"loyalty_price":null,"loyalty_price_active":false,"size":"per lb","display_size":"per lb","product_type":"looseweight","unit":"lb","par_weight":null,"related_item_ids":[],"visible":true,"warehouse_id":3,"primary_image_url":"https://d2lnr5mha7bycj.cloudfront.net/itemimage/image/primary_dadabe93-246a-44bc-bd67-ebc3c7ed7030.jpg","large_image_url":"https://d2lnr5mha7bycj.cloudfront.net/itemimage/image/primary_dadabe93-246a-44bc-bd67-ebc3c7ed7030.jpg","frequently_not_found":null,"frequently_found":null,"often_out_of_stock":null,"special_instructions":null,"featured":false,"user_description":null,"unit_count":null,"bulky":false,"taxable":false,"is_alcoholic?":false,"impulse_buy":null,"wine_rating":null,"product_id":381404,"aisle_ids":[513],"department_ids":[82],"aisle_sort_order":361,"aisle_sort_orders":{"513":361},"dept_sort_order":1102,"dept_sort_orders":{"82":1102},"details":"","directions":null,"warnings":null,"ingredients":null,"organic":false,"kosher":false,"gluten_free":false,"low_fat":false,"fat_free":false,"sugar_free":false,"vegan":false,"vegetarian":false,"serving_size":null,"servings_per_container":null,"calories":null,"fat_calories":null,"fat":null,"saturated_fat":null,"trans_fat":null,"polyunsaturated_fat":null,"monounsaturated_fat":null,"cholesterol":null,"sodium":null,"potassium":null,"carbohydrate":null,"fiber":null,"sugars":null,"protein":null,"alcohol_by_volume":null},{"id":4143076,"available":true,"unlisted":false,"aisle_id":513,"sale_percent":null,"department_id":82,"brand_name":null,"name":"Fresh Fruits Spencer Apple","display_name":"Spencer Apple","price":2.49,"full_price":null,"sale_price":null,"price_per_unit":2.49,"size":"per lb","display_size":"per lb","product_type":"looseweight","unit":"lb","par_weight":null,"related_item_ids":[],"visible":true,"warehouse_id":3,"primary_image_url":"https://d2lnr5mha7bycj.cloudfront.net/itemimage/image/primary_b1d5d2f9-61f4-474f-9b8d-80a5c37362d1.jpg","large_image_url":"https://d2lnr5mha7bycj.cloudfront.net/itemimage/image/primary_b1d5d2f9-61f4-474f-9b8d-80a5c37362d1.jpg","frequently_not_found":null,"frequently_found":null,"often_out_of_stock":null,"special_instructions":null,"featured":false,"user_description":null,"unit_count":null,"bulky":false,"taxable":false,"is_alcoholic?":false,"impulse_buy":null,"wine_rating":null,"product_id":478844,"aisle_ids":[513],"department_ids":[82],"aisle_sort_order":372,"aisle_sort_orders":{"513":372},"dept_sort_order":1231,"dept_sort_orders":{"82":1231},"details":"","directions":null,"warnings":null,"ingredients":null,"organic":false,"kosher":false,"gluten_free":false,"low_fat":false,"fat_free":false,"sugar_free":false,"vegan":false,"vegetarian":false,"serving_size":null,"servings_per_container":null,"calories":null,"fat_calories":null,"fat":null,"saturated_fat":null,"trans_fat":null,"polyunsaturated_fat":null,"monounsaturated_fat":null,"cholesterol":null,"sodium":null,"potassium":null,"carbohydrate":null,"fiber":null,"sugars":null,"protein":null,"alcohol_by_volume":null},{"id":4174508,"available":true,"unlisted":false,"aisle_id":513,"sale_percent":null,"department_id":82,"brand_name":null,"name":"Fresh Fruits Strawberries","display_name":"Strawberries","price":15.49,"full_price":null,"sale_price":null,"price_per_unit":15.49,"loyalty_price":null,"loyalty_price_active":false,"size":"per lb","display_size":"per lb","product_type":"looseweight","unit":"lb","par_weight":null,"related_item_ids":[],"visible":true,"warehouse_id":3,"primary_image_url":"https://d2lnr5mha7bycj.cloudfront.net/itemimage/image/primary_d73dc4be-f013-402a-9906-94b4f4432f5f.jpg","large_image_url":"https://d2lnr5mha7bycj.cloudfront.net/itemimage/image/primary_d73dc4be-f013-402a-9906-94b4f4432f5f.jpg","frequently_not_found":null,"frequently_found":null,"often_out_of_stock":null,"special_instructions":null,"featured":false,"user_description":null,"unit_count":null,"bulky":false,"taxable":false,"is_alcoholic?":false,"impulse_buy":null,"wine_rating":null,"product_id":489884,"aisle_ids":[513],"department_ids":[82],"aisle_sort_order":415,"aisle_sort_orders":{"513":415},"dept_sort_order":1414,"dept_sort_orders":{"82":1414},"details":"","directions":null,"warnings":null,"ingredients":null,"organic":false,"kosher":false,"gluten_free":false,"low_fat":false,"fat_free":false,"sugar_free":false,"vegan":false,"vegetarian":false,"serving_size":null,"servings_per_container":null,"calories":null,"fat_calories":null,"fat":null,"saturated_fat":null,"trans_fat":null,"polyunsaturated_fat":null,"monounsaturated_fat":null,"cholesterol":null,"sodium":null,"potassium":null,"carbohydrate":null,"fiber":null,"sugars":null,"protein":null,"alcohol_by_volume":null},{"id":4189494,"available":true,"unlisted":false,"aisle_id":513,"sale_percent":null,"department_id":82,"brand_name":null,"name":"Fresh Fruits Local Organic Tomato Cherry Pint","display_name":"Local Organic Tomato Cherry Pint","price":5.99,"full_price":null,"sale_price":null,"price_per_unit":5.99,"loyalty_price":null,"loyalty_price_active":false,"size":"each","display_size":"each","product_type":"normal","unit":"each","par_weight":null,"related_item_ids":[],"visible":true,"warehouse_id":3,"primary_image_url":"https://d1s8987jlndkbs.cloudfront.net/assets/missing-item-a4e33f8bd532d87a3492ad644af8b17e.png","large_image_url":"https://d1s8987jlndkbs.cloudfront.net/assets/missing-item-a4e33f8bd532d87a3492ad644af8b17e.png","frequently_not_found":null,"frequently_found":null,"often_out_of_stock":null,"special_instructions":null,"featured":false,"user_description":null,"unit_count":null,"bulky":false,"taxable":false,"is_alcoholic?":false,"impulse_buy":null,"wine_rating":null,"product_id":495954,"aisle_ids":[513],"department_ids":[82],"aisle_sort_order":1415,"aisle_sort_orders":{"513":1415},"dept_sort_order":2562,"dept_sort_orders":{"82":2562},"details":"","directions":null,"warnings":null,"ingredients":null,"organic":true,"kosher":false,"gluten_free":false,"low_fat":false,"fat_free":false,"sugar_free":false,"vegan":false,"vegetarian":false,"serving_size":null,"servings_per_container":null,"calories":null,"fat_calories":null,"fat":null,"saturated_fat":null,"trans_fat":null,"polyunsaturated_fat":null,"monounsaturated_fat":null,"cholesterol":null,"sodium":null,"potassium":null,"carbohydrate":null,"fiber":null,"sugars":null,"protein":null,"alcohol_by_volume":null},{"id":11774802,"available":true,"unlisted":false,"aisle_id":513,"sale_percent":null,"department_id":82,"brand_name":null,"name":"Fresh Fruits Large Navel Oranges","display_name":"Large Navel Oranges","price":1.49,"full_price":null,"sale_price":null,"price_per_unit":1.49,"loyalty_price":null,"loyalty_price_active":false,"size":"per lb","display_size":"per lb","product_type":"looseweight","unit":"lb","par_weight":null,"related_item_ids":[],"visible":true,"warehouse_id":3,"primary_image_url":"https://d1s8987jlndkbs.cloudfront.net/assets/missing-item-a4e33f8bd532d87a3492ad644af8b17e.png","large_image_url":"https://d1s8987jlndkbs.cloudfront.net/assets/missing-item-a4e33f8bd532d87a3492ad644af8b17e.png","frequently_not_found":null,"frequently_found":null,"often_out_of_stock":null,"special_instructions":null,"featured":false,"user_description":null,"unit_count":null,"bulky":false,"taxable":false,"is_alcoholic?":false,"impulse_buy":null,"wine_rating":null,"product_id":2465546,"aisle_ids":[513],"department_ids":[82],"aisle_sort_order":1470,"aisle_sort_orders":{"513":1470},"dept_sort_order":2713,"dept_sort_orders":{"82":2713},"details":"","directions":null,"warnings":null,"ingredients":null,"organic":false,"kosher":false,"gluten_free":false,"low_fat":false,"fat_free":false,"sugar_free":false,"vegan":false,"vegetarian":false,"serving_size":null,"servings_per_container":null,"calories":null,"fat_calories":null,"fat":null,"saturated_fat":null,"trans_fat":null,"polyunsaturated_fat":null,"monounsaturated_fat":null,"cholesterol":null,"sodium":null,"potassium":null,"carbohydrate":null,"fiber":null,"sugars":null,"protein":null,"alcohol_by_volume":null},{"id":12215783,"available":true,"unlisted":false,"aisle_id":513,"sale_percent":null,"department_id":82,"brand_name":null,"name":"Fresh Fruits Organic Yellow Pear Tomatoes","display_name":"Organic Yellow Pear Tomatoes","price":3.99,"full_price":null,"sale_price":null,"price_per_unit":3.99,"size":"each","display_size":"each","product_type":"normal","unit":"each","par_weight":null,"related_item_ids":[],"visible":true,"warehouse_id":3,"primary_image_url":"https://d1s8987jlndkbs.cloudfront.net/assets/missing-item-a4e33f8bd532d87a3492ad644af8b17e.png","large_image_url":"https://d1s8987jlndkbs.cloudfront.net/assets/missing-item-a4e33f8bd532d87a3492ad644af8b17e.png","frequently_not_found":null,"frequently_found":null,"often_out_of_stock":null,"special_instructions":null,"featured":false,"user_description":null,"unit_count":null,"bulky":false,"taxable":false,"is_alcoholic?":false,"impulse_buy":null,"wine_rating":null,"product_id":2581237,"aisle_ids":[513],"department_ids":[82],"aisle_sort_order":1471,"aisle_sort_orders":{"513":1471},"dept_sort_order":2720,"dept_sort_orders":{"82":2720},"details":"","directions":null,"warnings":null,"ingredients":null,"organic":true,"kosher":false,"gluten_free":false,"low_fat":false,"fat_free":false,"sugar_free":false,"vegan":false,"vegetarian":false,"serving_size":null,"servings_per_container":null,"calories":null,"fat_calories":null,"fat":null,"saturated_fat":null,"trans_fat":null,"polyunsaturated_fat":null,"monounsaturated_fat":null,"cholesterol":null,"sodium":null,"potassium":null,"carbohydrate":null,"fiber":null,"sugars":null,"protein":null,"alcohol_by_volume":null}]},"pagination":{"page":1,"per_page":1000,"total":106}}
